2938 4910
387 407 567 492 ,ansam
590 409 793 494 onauou.
814 407 899 495 ma.
920 388 989 498 mi
1001 423 1039 486 *1-
1176 427 1235 498 403

199 565 292 721 iipui.
337 575 388 643 Ita
401 575 549 654 inferiora
569 597 699 664 quoque
712 573 934 656 scrutabimur,
948 595 1020 662 quae
1039 573 1171 640 tractata
1184 573 1233 640 fa·

201 657 230 720 ci
247 658 375 724 ioremm
406 661 498 731 nobie
523 657 668 749 judicem
698 660 732 746 in
762 659 883 724 summa
904 660 1077 747 quaestione
1101 659 1232 732 facient.

145 739 187 805 28
201 741 278 807 Non
293 745 436 810 dissimile
458 745 533 810 huic
548 748 590 810 est
606 761 640 809 et
657 740 740 820 ‚illud
761 757 969 832 praeceptum,
986 758 1024 808 ut
1044 769 1063 808 a
1083 767 1232 830 commuf

201 827 297 894 nibus
310 832 350 895 ad
365 831 488 918 propria
505 825 679 895 veniamus,
725 827 802 892 Fere
816 829 903 894 enim
925 831 1110 895 communia
1128 853 1232 918 gene·

199 913 276 978 ralia
298 915 383 982 sunt.
407 989 409 998 Ι
428 912 612 982 Commune
635 916 689 996 est,
715 913 887 999 syrannum
912 915 1034 980 oceidit:
1056 918 1230 1003 proprium,

204 997 309 1063 Verum
331 997 428 1066 tamen
450 1015 608 1087 tyrannam
628 995 744 1078 occidit,
764 999 870 1064 mulier
891 999 1005 1078 occidit,
1020 1025 1096 1065 uxor
1116 1003 1230 1068 occidit.
1274 1034 1276 1042 ¹

143 1093 186 1168 29
201 1080 350 1164 Solebam
366 1100 592 1174 etexcerpere,
608 1081 686 1173 quid
701 1079 783 1148 mihi
798 1107 872 1149 cum
887 1083 1059 1150 adversario
1078 1083 1231 1152 eonveni-

199 1183 259 1250 ret,
276 1170 295 1234 si
312 1171 410 1236 modo
423 1169 457 1235 id
471 1195 529 1260 pro
544 1195 596 1238 me
611 1185 696 1234 erat:
721 1193 780 1235 uec
792 1170 894 1234 solum
910 1193 1053 1258 premere
1067 1167 1231 1236 confesio-

198 1276 287 1332 nem,
301 1255 353 1319 sed
372 1257 540 1344 partiendo
562 1255 795 1344 multiplicare:
819 1268 856 1320 ut
876 1256 910 1318 in
933 1255 989 1323 illa
1010 1257 1231 1340 controversa,

199 1339 288 1420 an,
304 1341 356 1428 qni
376 1344 583 1430 competitorem
602 1355 720 1430 patrem
745 1341 778 1404 in
789 1339 960 1488 suffragiis
983 1342 1106 1420 vicerat,
1129 1341 1232 1430 cnptn's

198 1423 259 1510 est:
293 1440 394 1498 euntes
415 1431 460 1490 nd
482 1429 680 1491 redimendam
703 1451 767 1490 enrn
803 1425 896 1513 egnti,
921 1423 1039 1490 obviari
1065 1427 1233 1491 habuerant

196 1522 323 1596 patrem,
338 1525 529 1576 revertentem
547 1513 585 1576 nb
601 1509 746 1597 amitus.-
769 1511 818 1582 isf‘
841 1511 868 1574 le
890 1513 958 1576 atis'
970 1511 1059 1591 dixit,
1077 1513 1147 1576 Sero
1169 1513 1230 1576 itis.

142 1610 187 1680 30
200 1595 399 1691 ¹Ercnffernnt
417 1595 464 1662 illi
483 1612 609 1694 petrem,
626 1611 654 1660 et
675 1610 780 1662 earnm
802 1595 835 1659 in
848 1537 922 1682 fine
936 1591 1009 1694 ‘eJ'us
1033 1599 1232 1663 inveneruntr

4 1663 6 1674 ,
81 1687 86 1702 ⁸
169 1711 171 1718 ,
199 1680 255 1766 apsi
277 1681 505 1770 perseverarunt
532 1707 585 1762 ere,
612 1707 665 1768 quo
692 1681 899 1748 intenderant:
931 1695 1110 1748 invenerant
1131 1685 1233 1748 dacem

199 1765 397 1854 crucifixum,
413 1769 495 1856 cujm
510 1758 654 1854 nonfuit,
673 1768 783 1831 Cavete
792 1767 980 1854 proditorem.
1025 1767 1103 1832 Reus
1117 1767 1156 1855 est
1171 1783 1231 1856 pn-

193 1860 255 1924 ‚ter.
302 1853 404 1918 Quae⁰
419 1853 636 1918 conveniunt?
662 1853 795 1916 Proditio
808 1853 890 1916 nobis
901 1853 1040 1940 prodito?
1057 1878 1071 1915 e
1094 1900 1104 1933 ,
1121 1867 1150 1916 et
1159 1869 1231 1941 pro·
1265 1867 1285 1934 j

200 1935 265 2000 dira
280 1962 300 2001 o
314 1939 395 2016 duee,
410 1939 570 2027 quaerimus
581 1939 756 2026 proditorem
769 1963 779 2000 r
803 1949 831 2000 te
844 1937 927 2033 instet
950 1937 992 2000 ad
1005 1939 1040 2000 ho
1065 1963 1094 2001 es
1102 1939 1233 2024 fateris,

199 2033 228 2083 et
242 2021 327 2108 iiffir¹
350 2021 437 2103 clam,
453 2037 481 2088 et
495 2025 533 2088 ab
549 2024 595 2086 his
609 2023 776 2087 incolumem
790 2023 916 2108 redizſje,
932 2047 1036 2088 aarum
1050 2023 1189 2110 retuliſje',
1205 2037 1234 2088 et

143 2123 184 2192 31
200 2131 308 2172 nnrnrn
328 2111 472 2174 occultam
490 2107 582 2172 habui
606 2135 631 2172 e.
675 2109 775 2187 Nam,
798 2108 886 2196 quod
908 2107 996 2188 fecit,
1019 2109 1051 2172 id
1073 2131 1233 2174 nonnum·

199 2215 295 2280 quam
312 2193 473 2282 potentius
488 2195 523 2258 sit
544 2194 576 2257 iu
615 2193 826 2279 roposinone3
850 2215 922 2280 quae
944 2193 964 2258 si
986 2193 1110 2259 animos
1131 2217 1230 2259 oceu-

191 2293 280 2362 vpant
292 2289 315 2360 ⁶,
331 2303 429 2366 prope
445 2301 535 2344 aures
549 2217 626 2378 ipsi}
650 2277 822 2342 defensioni
837 2277 1084 2366 praecluduntur.
1130 2281 1167 2343 In
1182 2294 1232 2344 to-

200 2376 271 2426 tum
300 2378 409 2430 autem
436 2379 644 2451 congregatio
668 2364 839 2426 criminum
867 2366 1065 2428 accusantem
1093 2365 1231 2463 adjuvat,
1324 2375 1329 2388 ’

200 2447 352 2532 separatio
367 2447 605 2535 defendentem.
652 2448 799 2512 Solebam
823 2448 868 2526 id,
885 2450 970 2536 quod
993 2449 1058 2513 sieri
1076 2462 1109 2512 et
1130 2473 1163 2512 1n
1180 2473 1231 2514 ar-

146 2598 149 2607 ,
198 2532 363 2618 gumeutis
378 2531 456 2612 dixi,
472 2531 511 2596 in¹
529 2547 597 2597 tota
617 2533 719 2598 facere
742 2533 883 2610 materia,
901 2546 962 2597 utu
984 2534 1157 2620 propofitiS‚
1173 2558 1231 2599 ex-

136 2657 139 2662 *
200 2631 248 2680 tra
269 2641 343 2718 quae
363 2617 443 2683 nihil
466 2616 551 2697 esset,
568 2619 730 2698 munima,
748 2615 864 2682 deinde
886 2617 1000 2682 ceteris
1022 2619 1165 2699 remotis,
1180 2621 1234 2684 [οΙ

144 2699 267 2786 321um
284 2705 318 2768 1d
333 2699 497 2788 superesset
511 2715 535 2782 ¹,
574 2699 637 2766 uod
653 2703 739 2766 credi
756 2703 901 2766 volebam
914 2717 982 2778 :ut
996 2703 1029 2766 in
1045 2705 1231 2790 praevarica-

130 2857 131 2862 ἵ
200 2786 325 2851 tionum
341 2789 541 2868 criminibus,
590 2790 602 2851 t
617 2789 790 2874 elrJolvntnr
803 2812 882 2866 rens,
899 2801 954 2850 ortt
967 2789 1130 2853 innocentia
1146 2791 1233 2876 ipstns

188 2869 247 2958 fit,
262 2885 316 2936 ant
330 2874 542 2937 interveniente
554 2873 657 2960 eliqua
668 2873 817 2962 potestate,
834 2885 887 2937 ont
901 2873 947 2952 vi,
964 2886 1019 2936 ant
1032 2888 1162 2963 corrupto
1173 2877 1232 2962 je-

184 2955 283 3040 ἀ’ἱεὶο,
307 2972 361 3024 ant
382 2955 559 3045 difficultate
578 2957 772 3051 probationis,
788 2971 842 3022 ent
858 2960 1121 3048 praevaricatione.
1166 2961 1230 3042 Iso·¹
1269 3047 1275 3064 .
1336 3048 1338 3054 Ι

230 3203 248 3228 ¹¹³
269 3195 332 3246 auid
330 3199 358 3261 fi
366 3196 460 3247 facilim
471 3197 541 3245 nobis
548 3195 689 3257 judicium?
766 3203 776 3226 ⁰
796 3213 837 3245 om.
851 3197 882 3246 G.
893 3197 957 3245 Jens.
1031 3207 1044 3234 ⁰
1061 3197 1133 3252 Quod
1146 3209 1235 3248 conve-

198 3262 235 3308 uit
246 3262 276 3309 G.
290 3278 311 3310 2.
377 3263 683 3325 vpraeditta,etpraeditla
695 3263 726 3310 G.
741 3278 762 3310 2,
776 3263 1032 3324 posteriuseriamtens.
1056 3264 1130 3312 Habet
1139 3275 1233 3332 utraque

198 3325 261 3372 lectio
272 3337 293 3373 et
303 3327 522 3392 aliossuffiagatores
533 3327 594 3389 apud
603 3329 659 3374 Bur.
752 3335 763 3368 ⁴¹
783 3327 828 3374 esse
839 3327 870 3374 G.
884 3342 907 3376 2.
996 3337 1006 3364 ¹
1022 3328 1070 3389 ipse
1081 3329 1154 3377 claret
1165 3331 1195 3378 G.
1209 3347 1232 3378 2.

197 3390 272 3436 claret
284 3391 351 3436 etiam
359 3393 423 3439 Jens.
504 3409 515 3436 e
531 3394 659 3453 occupavit
671 3391 702 3438 G.
714 3407 737 3441 2.
823 3399 832 3429 ¹
851 3392 899 3454 ipse
910 3391 1072 3452 defensionem
1084 3395 1116 3442 G.
1128 3409 1150 3443 2.
1168 3395 1233 3442 Forte

197 3453 254 3522 ipsae
264 3456 295 3502 ed
305 3456 476 3504 detentionem.
543 3463 555 3487 ¹⁸
575 3474 617 3503 om.
629 3457 660 3504 G.
670 3457 736 3505 Jent'.
800 3456 1017 3519 xsupeenesens.
1121 3479 1123 3486 ·

233 3655 275 3703 29.
286 3635 598 3706 an‚quicompetitorem]
609 3637 691 3690 Trac·
741 3647 870 3706 proponat,
888 3648 993 3706 premat,
1011 3637 1139 3708 partiendo
1157 3655 1232 3709 auge-

197 3717 236 3758 tat
246 3706 308 3760 hunc
320 3707 507 3761 controversiam
525 3705 613 3759 Seneca
625 3708 689 3759 Exc.
741 3719 767 3756 at
779 3725 785 3755 ε
804 3721 857 3775 quae
868 3704 1010 3826 propositio,
1019 3707 1046 3771 fi
1061 3706 1154 3758 animos
1164 3725 1231 3760 occa-

198 3777 320 3828 Controv.
335 3794 360 3840 7,
374 3795 399 3840 7.
736 3773 808 3842 parit
827 3775 875 3826 &c
933 3791 959 3826 es
977 3775 1053 3838 clara,
1073 3776 1232 3832 summamss

237 3864 278 3909 31·
297 3845 374 3908 Nan,
387 3845 530 3916 quodfecit]
550 3844 690 3898 Obscurum
739 3845 842 3914 specics.
884 3843 951 3895 Illud
974 3845 1058 3905 modo,
1080 3847 1145 3914 quud
1156 3841 1231 3912 ficti,

199 3915 262 3966 mihi
280 3915 362 3967 locum
381 3917 416 3967 ita
433 3915 540 3968 declarat
553 3913 690 3966 candidissi-
740 3931 794 3982 pro,
807 3914 874 3981 quod
886 3912 1005 3976 consessus
1016 3914 1059 3975 est,
1070 3915 1092 3966 se
1103 3917 1142 3966 vei
1156 3915 1231 3972 clicu-

198 4001 259 4034 mus
277 3985 442 4047 Werihofius,
463 3983 529 4038 Nam
550 3985 614 4055 qnod
626 3983 691 4051 fecit
741 3995 790 4034 tem
802 3981 872 4034 suum
885 3982 974 4044 fecisse,
986 3979 1155 4036 duriusculum
1167 3985 1233 4039 mihi

200 4051 359 4118 adversarius,
371 4056 398 4106 h.
411 4073 434 4107 e.
447 4053 560 4108 conscilio
574 4053 651 4115 illius,
656 4053 692 4121 fit
740 4052 880 4104 videbatur.
909 4054 955 4103 Sed
965 4053 997 4104 dc
1013 4054 1139 4116 sententie,
1152 4069 1180 4108 nt
1191 4055 1231 4108 di·

193 4122 324 4188 potentius,
337 4136 419 4176 movet
432 4125 541 4192 judicem
553 4123 654 4184 fortius,
666 4122 691 4174 in
741 4123 777 4185 xi,
789 4121 901 4174 dubitari
911 4139 961 4174 non
972 4123 1056 4192 potest.

192 4190 348 4260 propoſsrime
365 4193 431 4258 (vid.
453 4198 516 4258 3,6,
530 4196 571 4263 9.)
593 4189 691 4244 accusa·
779 4189 867 4256 31.in
887 4192 1038 4264 argumentis
1055 4191 1122 4258 diri]
1152 4195 1232 4266 Supra
1328 4197 1332 4206 “

197 4263 269 4322 toris,
288 4258 307 4312 si
327 4261 359 4316 is*
370 4261 541 4319 consessionem
562 4261 692 4316 adversarii
743 4279 768 4328 5,
782 4279 823 4322 ιο,
837 4263 880 4314 66.
891 4261 946 4331 sqq.

235 4341 327 4414 roe.
347 4345 375 4414 ι’.
449 4359 453 4364 ’
664 4347 667 4354 ’
760 4343 822 4416 od
