2938 4910
414 375 584 437 ‚merim
605 351 908 454 errrorem.
928 343 981 436 vr.
1003 393 1030 435 α.
1176 387 1238 462 355

157 527 198 592 18
211 535 376 626 fingimus.'
416 537 506 604 Nem
527 539 568 604 fic
589 535 643 621 ἤθη
665 564 756 606 mores
769 539 853 618 sunt,
876 558 951 603 cum
975 537 1036 604 lios
1054 529 1256 618 imitamur,

209 635 245 688 et
267 645 306 688 ex
329 625 378 688 his
402 623 550 690 ducimus
571 628 761 690 orationem.
803 623 954 710 Denique
976 623 1040 687 hoe
1060 643 1156 688 omne
1170 623 1231 687 bo·

211 731 288 774 rrum
304 723 337 774 et
351 732 477 774 comem
490 722 502 749 ⁰
517 711 620 776 virum
635 711 744 800 poscit.
787 711 879 776 Quas
897 709 1030 774 virtutes
1043 729 1117 772 cum
1132 708 1232 772 etiam

209 794 243 858 in
266 795 426 881 litigatore
447 795 563 861 debeat
583 811 700 882 orator,
716 798 736 860 fi
757 795 824 859 fieri
839 795 948 880 potest,
963 793 1146 880 approbare,
1164 794 1232 856 uti·

209 903 276 964 que
299 880 363 965 ipse
387 891 442 944 aut
457 881 583 962 habeat,
599 896 654 946 aut
674 881 792 946 habere
815 879 970 943 credetur.
1015 878 1068 942 Sic
1092 877 1233 964 proderit

158 984 161 993 “
209 965 386 1112 §utimum
413 965 533 1043 oauffis,
556 967 675 1064 quibus
699 989 739 1030 ex
762 965 817 1029 fua
839 965 983 1028 bonitate
1005 962 1102 1027 faciet
1123 961 1231 1027 fidem.

244 1072 295 1112 am
319 1050 385 1134 qui,
405 1050 484 1114 dum
507 1051 598 1130 diert,
621 1052 725 1116 malus
742 1049 880 1128 videtur,
894 1049 1007 1136 utique
1028 1047 1231 1113 maledicit:
1260 1067 1265 1074 ·

209 1156 274 1198 non
299 1136 383 1198 enim
408 1135 535 1200 videtur
553 1135 635 1222 julla
658 1137 775 1214 dicere,
798 1133 944 1223 alioqui?
973 1130 1040 1212 iim
1060 1131 1231 1198 videretur.

157 1230 196 1297 19
210 1219 320 1284 Quare
335 1221 436 1305 ipsum
458 1221 555 1284 etiam
568 1220 694 1286 dicendi
709 1243 811 1308 genus
825 1220 858 1284 in
880 1221 943 1284 hoc
958 1215 1121 1306 placidum
1136 1219 1232 1282 debet

207 1305 272 1367 effe'
283 1327 321 1368 ae
334 1306 414 1368 mite
429 1329 437 1368 ε
461 1306 543 1370 nihil
557 1308 739 1405 superbum,
754 1305 835 1370 nihil
849 1304 966 1370 elatum
982 1302 1090 1366 saltem
1105 1325 1142 1368 ee
1156 1303 1252 1368 sub-⁸

208 1388 286 1453 lime
309 1389 480 1454 desideretr
503 1411 639 1478 propne,
657 1391 813 1478 jucunde,
839 1387 1033 1454 credibiliter
1055 1387 1170 1466 dicere,
1186 1389 1232 1451 sat

208 1476 272 1539 est:
306 1473 441 1561 ideoque
466 1488 499 1538 et
520 1476 646 1540 medius
670 1477 726 1541 ille
750 1476 924 1540 orationisr
953 1472 1068 1537 modus
1093 1473 1232 1538 maxime

104 1549 112 1564 '
155 1560 369 1624 eoconvenir.
414 1561 579 1624 Diversum
595 1561 741 1640 esthuic,
756 1559 843 1648 quod
862 1557 960 1627 πάθος
982 1557 1232 1650 dieitur,quod·

208 1667 272 1731 que
288 1665 346 1708 nos
354 1645 498 1795 gpfieium
513 1647 637 1732 proprie
652 1667 822 1710 vocamus:
846 1659 889 1722 et,
906 1656 943 1708 ut
963 1643 1127 1729 proximer
1148 1644 1231 1707 utri·-

208 1730 307 1814 usque
321 1728 354 1792 di
396 1729 529 1794 rentiam
544 1731 675 1818 signem,
690 1731 770 1795 illud
791 1728 967 1807 comoediae,
984 1729 1046 1792 hoc
1067 1729 1233 1816 tragoediae
1343 1797 1346 1804 ,

208 1813 337 1879 fimile'.
382 1817 463 1878 Haec
486 1837 556 1900 pars
579 1817 662 1883 eirca
684 1817 773 1895 iram,
798 1817 908 1894 odium,
931 1826 1046 1893 metum,
1071 1815 1230 1894 invidiam,

207 1899 428 1985 miserationem,
456 1898 522 1963 fere
550 1913 618 1964 tota
645 1901 793 1965 versatur.
838 1901 921 1966 Quae
944 1899 1060 1985 quibus
1083 1921 1123 1962 ex
1150 1899 1231 1963 locis
1309 1959 1315 1966 .

202 1983 354 2050 'ducende
376 1983 445 2062 ent,
460 1997 494 2049 et
515 1986 714 2050 manifestum
739 1985 902 2063 omnibus,
918 1996 951 2048 et
973 1983 1099 2048 anobis
1123 1985 1158 2047 in
1178 2007 1231 2048 ra·

153 2079 192 2128 21
206 2068 296 2133 tione
309 2069 455 2156 prooemii
477 2071 574 2157 eique
596 2071 717 2158 epilogi
740 2071 864 2135 dimum
888 2071 941 2133 est.
987 2070 1030 2132 Et
1052 2081 1158 2133 metum
1180 2083 1231 2133 ta-

124 2233 129 2244 ·
206 2175 281 2220 men
296 2154 456 2240 duplicem
472 2154 610 2242 intelligi
625 2155 710 2234 volo,
724 2175 821 2244 quem
832 2154 981 2241 patimur,
994 2166 1028 2218 et
1040 2176 1136 2240 quem
1151 2155 1230 2218 faoi-

207 2259 280 2303 mus
290 2261 301 2319 ς
324 2240 524 2319 etinvidiam,
542 2243 800 2326 namquealterat
811 2240 969 2317 invidum,
985 2239 1230 2304 alterainvidio-

206 2323 273 2386 sum
288 2324 376 2390 feeit,
422 2328 495 2389 Hoc
520 2337 627 2393 autem
651 2326 802 2404 hominis,
820 2325 899 2390 illud
920 2325 965 2388 rei
991 2325 1044 2404 est,
1061 2323 1094 2388 in
1117 2324 1233 2410 quo‘et

152 2421 194 2470 22
205 2409 279 2494 plus
293 2409 390 2472 hebet
405 2411 507 2495 operis
529 2413 642 2474 oratio.
687 2413 771 2476 Nam
786 2411 932 2508 quiedam
953 2408 1102 2474 videntur
1122 2411 1233 2495 grevia

205 2514 263 2580 per
277 2493 319 2570 se,
331 2495 538 2641 parricidium,
554 2497 659 2572 caedes,
681 2495 871 2582 veneficium,
900 2493 1047 2580 quaedam
1068 2495 1231 2558 efficienda

205 2577 300 2642 sunt..
349 2579 369 2641 d
384 2591 488 2646 autem
503 2580 675 2668 contingit,
690 2594 835 2650 anteum
858 2579 984 2666 magnis
1003 2577 1122 2666 alioqui
1137 2579 1230 2644 malis

204 2661 332 2748 gravius
353 2663 413 2727 elle
436 2661 481 2742 id,
498 2664 585 2752 quod
608 2665 682 2750 palli
706 2665 826 2744 sumus,
847 2663 1041 2742 ostenditur3
1071 2662 1164 2751 quale
1187 2665 1230 2728 est

203 2747 290 2832 apud
305 2748 492 2835 Virgilium,
1280 2785 1286 2790 -

291 2885 406 2970 Ofelix
419 2910 482 2950 una
497 2899 567 2950 ante
581 2885 659 2952 alias
676 2887 828 2950 Priameia
841 2887 943 2973 virgo,

288 2969 429 3054 Hostilem
444 2973 487 3034 ad
499 2973 641 3035 tumulum
656 2971 819 3060 Trq'aesub
829 2972 972 3035 moenibus
983 2971 1054 3035 aitis

286 3055 372 3142 Jrifflz
386 3055 598 3120 mori.·--—-
678 3087 681 3094 Δ

149 3184 188 3252 23
204 3175 311 3240 Quam
325 3174 419 3239 miser
432 3173 517 3238 enim
533 3173 619 3238 casus
634 3173 882 3261 Andromachae,
897 3175 917 3238 fi
938 3186 1117 3261 comparata
1135 3175 1164 3240 ei
1179 3176 1228 3243 fe-

197 3258 248 3325 lix
264 3260 438 3347 Polyxena?
464 3273 607 3324 autenm
625 3260 669 3324 ita
680 3281 911 3355 exaggeramus
922 3259 1068 3346 injuriam
1082 3262 1226 3344 nostram,

201 3356 240 3408 ut
253 3345 361 3422 etiam,
385 3367 456 3429 quae
472 3344 579 3422 multo.
597 3345 720 3410 minora
740 3349 823 3422 lunt,
840 3343 1036 3410 intoleranda
1060 3345 1225 3412 dicemus:

198 3427 238 3492 rii
249 3430 399 3516 pulsoffiis,
415 3427 534 3514 defendi
548 3453 604 3493 non
615 3443 748 3516 poteras,
771 3428 945 3516 vulnerosti.
990 3430 1054 3502 Sed
1068 3430 1139 3496 haec
1153 3432 1227 3498 dili-

232 3653 245 3680 ⁰
262 3635 423 3694 communem
433 3647 465 3697 G.
540 3647 612 3707 ’qni
623 3646 738 3710 iuſsioni.
815 3648 943 3696 remoris
953 3647 985 3697 id.
1064 3611 1235 3713 rproprieG.¹

198 3711 262 3760 'est
274 3711 306 3762 G.
369 3711 469 3760 reltera
480 3711 589 3760 invidum
600 3729 642 3760 om.
654 3711 685 3758 G.

237 3893 279 3942 18.
306 3887 396 3960 alioqui
415 3869 629 3956 inevidenter]
660 3889 686 3942 Si
738 3907 780 3951 10,
794 3908 877 3958 ως.
900 3909 1056 3953 12911,rr.

196 3957 261 4024 julla
278 3959 378 4019 diceret,
390 3959 512 4012 rideretur
532 3961 556 4010 in
576 3959 629 4022 illo,
641 3978 685 4030 ap·
771 3979 813 4011 21.
838 3961 890 4012 Hoc
910 3971 993 4012 autem
1013 3957 1122 4024 homiiris,
1145 3963 1222 4032 illud]
1332 3977 1337 3984 ·

197 4041 304 4102 pareret,
318 4045 348 4080 *ac
367 4027 484 4098 proferret
502 4030 524 4082 l'e
541 4029 602 4080 illud
619 4023 686 4082 boni·
734 4029 827 4082 Hocad
839 4028 1079 4084 remotiusrefertur:
1094 4033 1177 4087 irvidi
1186 4037 1227 4092 hr-

195 4094 259 4152 tatis
269 4095 329 4156 leae,
340 4098 371 4148 de
383 4116 434 4166 quo
445 4097 579 4167 loquimur.
734 4098 819 4160 mines,
827 4097 1010 4169 resinvr'diosae.
1020 4101 1080 4154 Vid.
1090 4103 1119 4156 ad
1131 4107 1145 4170 ⁶.
1149 4141 1157 4166 ,
1165 4121 1185 4168 1,
1196 4127 1222 4176 9.

236 4183 278 4230 ¹9·
295 4165 458 4218 nihilelatum
468 4167 570 4237 sitirem]
591 4167 640 4220 Pro
656 4183 686 4220 ne
771 4185 815 4218 22.
834 4169 903 4237 apud
924 4167 1083 4240 Virgilium]
1105 4171 1171 4231 AEi.
1198 4181 1222 4240 3',

102 4263 108 4270 ·
195 4232 293 4308 quidem
314 4233 405 4288 elatum
426 4235 567 4307 quidquam,
586 4237 634 4292 &e
656 4239 686 4292 u't
737 4255 797 4304 321.
1203 4247 1209 4258 ·
