3024 4912
229 395 300 463 ‘xpc
469 372 518 442 nr.
537 374 666 442 naun
688 373 1041 441 ourncrtnranu

237 547 333 612 lnade
347 545 513 613 confidito
540 543 725 611 Aristotelea
738 543 883 633 quidem,
898 565 959 612 nec
972 545 1036 610 fine
1051 539 1167 624 cauda,
1182 525 1308 630 putatss

236 646 273 698 et
297 655 316 698 a
340 632 453 713 nostra,
469 641 503 696 et
523 633 564 696 ab
585 631 668 719 ejus,
682 631 740 720 qui
764 630 934 706 dissentiet,
952 631 1094 718 persona,
1109 627 1186 694 duci
1209 627 1274 695 sre-

236 731 375 805 quenter
389 717 421 782 in
437 715 574 782 confiliis
584 716 764 797 exordium,
775 717 859 803 quali
873 715 1098 782 mutuantibus
1113 713 1196 779 boc'
1211 737 1274 780 no-

238 803 291 870 bie
305 826 325 869 a
332 802 482 892 judiciali
497 815 614 890 genere
622 827 633 883 3
663 822 906 889 nonnumquam
925 804 1037 881 etiam,
1052 813 1090 865 ut
1104 801 1211 865 minor
1224 819 1275 865 rea

238 890 379 978 majorve
403 888 569 954 videatur:
602 890 635 953 in
659 888 911 953 demonstrativis
937 909 1011 956 vero
1035 886 1191 976 prooemia
1214 885 1275 951 esse

238 975 377 1040 maxime
399 975 500 1040 libera
519 974 687 1039 existimat.
731 975 820 1039 Nam
842 987 875 1038 et
889 974 988 1060 longe
1008 971 1175 1038 amateria
1187 970 1309 1052 duci,9

238 1073 278 1125 ut
292 1059 325 1124 in
341 1061 485 1126 Helenes
499 1060 593 1124 laude
608 1059 759 1124 isocrates
773 1057 906 1124 fecerit:
929 1075 962 1124 et
983 1081 1023 1124 ex
1044 1057 1084 1122 ali
1107 1057 1209 1122 narei
1223 1057 1275 1122 vi·

238 1146 337 1225 einia,
363 1159 401 1211 ut
425 1145 512 1210 idem
536 1146 569 1211 in
594 1144 791 1233 Panegyrico
811 1146 1045 1232 conqueritur¹³
1067 1076 1138 1232 pius
1161 1141 1277 1208 horroris

238 1255 269 1297 ro
305 1247 400 1311 orara,
416 1255 507 1320 quam
531 1235 697 1296 animorum
718 1231 882 1295 virturibras
904 1231 995 1296 dari:
1022 1241 1056 1295 et
1080 1228 1219 1314 Gorgias
1241 1228 1276 1293 in

239 1319 274 1382 Ο
286 1317 418 1406 ympico
439 1317 571 1382 laudans
592 1335 661 1396 eoa,
675 1316 732 1402 qui
752 1316 848 1402 primi
870 1316 950 1381 talea
971 1316 1175 1384 instituerunt
1194 1337 1275 1380 eon-

239 1415 368 1468 ventua.
414 1403 507 1468 Quos
532 1403 659 1468 secutur
684 1400 836 1466 videlicet
858 1401 1017 1488 Crispus*
1042 1400 1218 1481 Sallustius,
1241 1399 1276 1466 in

238 1488 327 1554 bello
342 1487 541 1577 Jugurtblno
556 1501 589 1553 et
599 1486 809 1552 Catilinario¹
830 1486 912 1552 nibil
936 1486 977 1552 ad
997 1487 1159 1552 historiam
1174 1487 1275 1574 perti-

240 1575 393 1640 nentibua
407 1573 571 1662 principiis
585 1574 673 1638 orsus
694 1573 749 1638 est.
794 1573 859 1638 Sed
879 1593 966 1638 nunc
987 1573 1028 1638 ad
1046 1572 1225 1652 suasoriam,
1241 1571 1276 1636 in
1290 1575 1332 1626 10

239 1679 306 1748 qua
331 1659 441 1740 etiam,
457 1681 559 1745 quum
585 1657 739 1745 prooemio
764 1667 906 1738 utemur,
932 1657 1076 1724 breviore
1099 1667 1218 1736 tamen,
1243 1669 1279 1724 et

239 1745 331 1809 velut
354 1745 494 1834 quodam
519 1745 623 1846 capite
643 1755 770 1809 tantum
794 1757 828 1808 et
852 1743 958 1824 initio,
981 1743 1189 1810 debebimus·
1216 1743 1278 1810 esse

239 1831 397 1896 mutenti.
443 1832 669 1894 Narrationem
703 1851 779 1894 vero
808 1851 984 1917 numquam
1012 1829 1062 1894 exi
1108 1841 1122 1894 t
1157 1827 1279 1915 privata

239 1915 444 1994 deliberatio,
467 1915 537 2003 ejua
561 1916 717 1980 duntaxat
740 1915 798 1994 rei,
810 1914 854 1979 de
877 1935 942 2002 qua
966 1914 1058 1980 dicen
1083 1937 1102 1980 a
1122 1913 1279 1980 sententia

240 2003 306 2068 est:
330 2002 409 2090 quia
423 2021 519 2066 nemo
543 2001 671 2090 ignorat
684 1999 730 2080 id,
746 2001 866 2100 dequo
881 1999 1029 2066 consulit.
1072 1999 1277 2068 Extrinsecus
1292 2001 1330 2055 11

240 2087 368 2179 potsunt
380 2086 573 2188 pertinentia
592 2086 634 2151 ad
654 2085 917 2150 deliberationem
940 2086 1043 2151 multa
1064 2085 1193 2152 narrari.
1239 2089 1278 2152 ln

240 2172 453 2240 concionibus
475 2172 517 2236 sae
581 2172 624 2236 est
649 2169 747 2236 etiam
768 2170 835 2250 illa,
849 2193 922 2260 quae
938 2171 1084 2237 ordinem
1108 2171 1154 2236 rei
1169 2170 1276 2254 docet,

242 2256 422 2324 necessaria.
461 2264 470 2298 ²
536 2258 639 2337 aeus,
653 2267 691 2321 ut
728 2267 799 2321 uae'
814 2257 965 2337 maxime,
979 2256 1115 2343 postulat
1124 2267 1151 2321 ⁸.
1188 2257 1277 2324 Nam
1293 2259 1334 2312 12

239 2355 275 2409 et
289 2342 479 2408 concitanda
492 2353 526 2406 et
540 2341 688 2408 lenienda
699 2279 936 2442 siequenteresi
952 2344 1009 2419 ira,
1025 2355 1058 2407 et
1078 2341 1120 2407 ad
1139 2353 1278 2425 metum,

241 2429 465 2516 cupiditatem,
492 2427 618 2510 odium,
648 2427 919 2508 concilrationem,
949 2428 993 2493 im
1036 2425 1136 2496 llendi
1165 2427 1278 2498 animi.

240 2514 497 2603 Nonnumquam
513 2515 610 2579 etiam
624 2513 783 2579 movenda
797 2514 957 2578 miseratio
971 2535 988 2578 e
1015 2561 1026 2593 ,
1044 2515 1116 2593 five,
1132 2525 1170 2578 ut
1183 2513 1279 2578 auxi.

239 2599 323 2670 lium
345 2601 470 2665 obsessis
492 2599 621 2680 seratur,
636 2599 766 2664 suadere
784 2600 957 2686 oportebit,
974 2601 1034 2664 live
1055 2599 1147 2664 sociae
1163 2599 1278 2664 civita-

240 2685 283 2750 tit
298 2686 492 2752 eversionem
506 2681 708 2751 deflebimus.
752 2685 850 2751 Valet
863 2699 971 2750 autern
985 2685 1019 2749 in
1042 2684 1178 2749 consiliis
1197 2703 1278 2751 auc·

241 2771 353 2836 toritas
368 2771 555 2872 plurimum.
586 2773 675 2836 Nam
689 2781 723 2836 et
738 2769 995 2858 prudentissimus
1010 2771 1070 2835 eise
1089 2769 1278 2858 haberique,
1293 2773 1333 2841 13

242 2869 300 2934 ω
315 2879 336 2921 o
360 2871 458 2922 timue
473 2857 500 2921 is
515 2857 624 2937 debet,
641 2855 698 2946 qui
713 2856 877 2921 sententiae
898 2858 962 2921 suae
977 2857 1017 2924 de
1033 2857 1166 2922 utilibus
1181 2871 1279 2945 atque

242 2879 381 3010 bonedis
397 2943 526 3008 credere
540 2963 653 3008 ornnes
667 2941 759 3006 velit.
804 2943 842 3005 sn
865 2941 993 3006 'udiciis
1014 2943 1101 3008 enim
1117 2943 1217 3031 vulgo
1230 2943 1280 3010 sas
1306 2977 1311 2990 ·

242 3027 380 3093 habetur
394 3027 564 3116 indulgere
584 3025 710 3116 aliquid
731 3025 832 3091 {ludio
846 2965 922 3093 suo:
948 3027 1086 3106 confilia,
1103 3049 1200 3094 nemo
1222 3031 1278 3110 est,

241 3113 298 3200 qul
327 3127 438 3202 neget,
464 3113 638 3184 secundum
668 3133 773 3178 mores
801 3111 881 3180 dari.
926 3115 1115 3178 Graecorum
1144 3114 1278 3200 quidem
1294 3117 1337 3182 14

242 3197 373 3285 plurimi
396 3221 492 3264 omne
517 3200 581 3264 boc
603 3197 746 3264 officium
761 3197 949 3264 concionale
963 3197 1024 3262 elle
1038 3196 1278 3284 judicaverunt,
1328 3269 1331 3274 ,

242 3283 323 3348 etin
338 3285 403 3350 sola
416 3284 600 3373 reipublieae
614 3281 885 3349 administratione
905 3283 1087 3370 posuerunt.
1132 3283 1223 3350 Quin
1245 3297 1280 3350 et

243 3368 360 3436 Cicero
383 3371 416 3435 in
439 3370 501 3438 hac
524 3371 663 3438 maxime
735 3381 768 3433 te
787 3367 937 3433 versatur.
982 3369 1124 3458 Ideoque
1145 3369 1281 3436 suasuris

242 3455 280 3519 de
291 3469 376 3544 pace,
393 3456 478 3537 bello,
489 3456 588 3544 copiis,
604 3469 681 3544 opert
706 3469 708 3476 “
722 3466 764 3534 5¹,
777 3453 988 3542 uectigalibus,
1000 3453 1070 3518 haec
1084 3454 1149 3526 duo
1164 3456 1280 3544 praeci-

241 3559 306 3630 pue
321 3558 398 3608 nota
412 3543 472 3608 esse
487 3541 600 3622 voluit,
614 3541 697 3606 vires
718 3539 862 3622 civitatis,
878 3549 912 3606 et
925 3564 1015 3605 mores
1029 3566 1039 3606 e
1063 3553 1100 3612 ut
1113 3561 1154 3606 ex
1166 3553 1282 3610 natura

276 3744 412 3793 anacim
493 3711 812 3806 reumqueritur'fflens.
901 3741 1051 3792 acaiusr'r'd.
1143 3743 1282 3794 :cunina

243 3805 351 3862 (Mens.
414 3809 596 3858 ⁸debemusG‚
662 3809 795 3858 tattent.
862 3812 997 3870 ”queque
1009 3808 1038 3858 G.
1055 3808 1119 3860 lens.
1169 3811 1286 3878 ’‘pestu·

243 3863 356 3922 labitir‘d.
425 3873 692 3942 ²etarquisrm.r'ld.
756 3871 925 3936 'opinusir'd

280 4039 308 4086 8.
327 4033 473 4106 Artenam]
500 4035 577 4090 Rhet.
599 4055 624 4104 3,
645 4053 689 4101 14.
705 4037 737 4088 de
786 4035 845 4099 t3.
859 4034 895 4105 sq.

216 4121 219 4128 ¹
244 4105 374 4172 prooemii·
385 4107 462 4158 trium
527 4109 738 4160 erumcausarurn
824 4123 867 4169 14.
897 4105 992 4172 cicero]
1022 4105 1082 4160 Vid.
1107 4105 1137 4160 de
1159 4105 1233 4158 Orat.
1253 4119 1281 4172 a,

243 4173 374 4243 precipiti
402 4175 433 4227 de
450 4175 617 4230 deibrrativo
635 4177 738 4246 quidem
788 4177 829 4228 16.

245 4241 267 4299 s·
288 4259 334 4307 41.
356 4243 393 4314 sq.
406 4244 437 4302 dr
452 4246 642 4308 demonstrativo
653 4258 738 4300 autern
