3024 4912
383 417 551 480 rusrrr.
572 416 778 480 aaaron.
809 419 890 480 rna.
912 421 966 480 111.
990 438 1020 494 4,
1171 429 1225 498 xp
1253 465 1255 472 .

201 575 264 650 alio
286 583 478 648 concinnatam
498 606 555 672 pro
581 581 788 648 deliberativa
809 579 956 668 appellat,
978 581 1039 646 hac
1060 580 1230 668 partitione

169 669 344 740 acontenti
369 669 511 734 suerunt.
555 669 677 734 Verum
706 682 740 733 et
762 681 833 732 tum
856 667 968 732 leviter
990 668 1032 732 est
1058 679 1230 745 tentatum,
1271 712 1274 724 .

200 779 276 820 curn
300 755 386 840 apud
411 756 542 820 Graecos
564 750 728 840 quosdam,
744 765 816 818 tum
837 752 921 838 apud
937 751 1125 817 Ciceronem
1140 752 1229 816 inli-

200 840 267 905 bris
294 839 335 902 de
357 852 492 918 oratore,
518 851 552 903 et
575 861 660 903 nunc
685 839 827 903 maximo
851 852 1031 984 temporum
1056 838 1231 902 nostrorum

201 927 332 998 austere
346 945 443 1011 prope
458 923 639 1010 impulsum,
655 936 770 988 utnon
785 923 882 986 modo
899 945 920 1007 p
934 944 988 986 ura
1010 922 1079 986 haec
1125 943 1232 1001 enera,

169 1029 189 1096 3
204 1009 257 1075 sed
272 1009 368 1072 etiam
384 1031 466 1096 pene
482 1007 726 1072 innumerabilia
741 1007 917 1072 videantur.
961 1007 1047 1071 Nam
1064 1007 1084 1070 fi
1099 945 1233 1072 druden-

205 1095 238 1160 cti
252 1115 289 1158 ac
303 1093 497 1180 vituperandi
511 1092 652 1156 officium
666 1093 698 1156 iu
715 1105 803 1178 parte
817 1093 911 1156 tertia
925 1091 1071 1177 ponimus
1086 1114 1094 1154 ε
1117 1092 1149 1154 in
1169 1113 1236 1177 quo

204 1201 322 1267 genere
337 1179 449 1242 versari
473 1177 664 1256 videbimur,
680 1200 755 1241 cum
776 1177 933 1262 querimur,
949 1177 1136 1262 consolamur,
1151 1178 1235 1241 misi.

203 1288 324 1350 gamus,
349 1263 537 1342 concitamus,
557 1274 704 1341 terremus,
725 1261 941 1350 corzfirmamus,
963 1261 1160 1348 praeripimus,
1182 1263 1235 1326 ob·

196 1351 288 1436 saure
314 1349 394 1412 dicta
422 1349 661 1434 interpretamur,
691 1371 858 1425 narramus,
891 1347 1090 1433 deprecamur,
1118 1349 1238 1444 gratias

160 1455 164 1464 ·
207 1434 336 1519 agimus,
358 1433 560 1514 gratulamur,
585 1433 784 1518 objurgamus,
807 1431 1017 1512 maledicimus,
1042 1433 1237 1518 (sperabimus,

208 1520 396 1596 mandamus,
420 1517 633 1595 renuntiamus,
659 1529 802 1604 optamus,
826 1515 987 1603 opinamur,
1013 1529 1046 1580 et
1074 1516 1236 1603 plurimas

175 1603 293 1686 4alia?
320 1615 355 1665 ut
370 1601 451 1664 mihi
467 1603 500 1665 in
515 1601 570 1664 illa
592 1615 697 1665 vetere
714 1601 905 1688 persuasione
924 1602 1135 1687 permanenti,
1150 1601 1239 1669 velut

140 1687 143 1694 ’
210 1686 347 1772 petenda
362 1685 397 1750 fit
411 1687 514 1750 venias
537 1686 743 1773 quaerendum
769 1709 821 1764 ue,
834 1684 912 1750 Quo
927 1685 1008 1749 moti
1024 1685 1154 1772 priores,
1169 1709 1238 1752 rem

211 1785 279 1835 tam
293 1771 356 1834 late
371 1770 482 1849 susam,
497 1784 563 1835 tam
580 1773 715 1836 breviter
729 1710 971 1835 adstrinxerint?
1010 1773 1103 1836 Quos
1117 1772 1177 1870 qui·
1188 1795 1240 1836 er-

213 1855 289 1920 rasse
313 1869 439 1956 putant,
464 1857 526 1920 hoc
552 1857 676 1920 secutos
700 1857 904 1934 arbitrantur,
930 1855 1018 1940 quod
1043 1855 1076 1919 in
1100 1856 1151 1920 lus
1175 1857 1241 1922 fere

179 1941 325 2029 5versar1
341 1954 410 2004 turn
427 1955 566 2004 oratores
582 1941 743 2005 videbant.
787 1942 875 2006 Nam
898 1951 932 2003 et
954 1939 1058 2004 laudes
1071 1963 1109 2006 ac
1121 1944 1240 2030 vitupe-

214 2027 341 2089 rationes
370 2026 596 2104 scribebantur,
625 2025 658 2090 et
681 2025 823 2104 tnrrapisr
852 2025 958 2088 dicere
978 2037 1045 2090 erat
1068 2027 1178 2108 moris,
1208 2041 1242 2094 et

213 2111 388 2196 plurimum
411 2111 444 2174 in
468 2111 604 2174 consiliis
625 2133 661 2174 ac
678 2109 811 2196 judiciis
836 2109 1051 2175 insumebatur
1071 2133 1184 2196 operae,
1205 2126 1244 2178 ut

214 2196 380 2282 scriptores
397 2195 524 2258 Artium
568 2217 604 2258 ro
626 2195 699 2258 solis
713 2216 785 2258 corn
808 2193 1011 2265 rehendcrint
1033 2195 1078 2260 fre
1104 2198 1244 2262 uentiffi-

182 2285 203 2348 6
216 2303 280 2344 ma.
325 2280 394 2347 Qui
412 2302 484 2343 vcro
499 2217 687 2358 deiindunt,
705 2280 766 2348 triu
778 2217 900 2344 liciunt
910 2301 1028 2378 genera
1043 2219 1244 2348 auditorum:

215 2389 329 2444 unum,
355 2364 441 2452 quod
463 2366 502 2429 ad
525 2363 769 2443 delebatiouem
791 2379 970 2450 convcnrat,
987 2365 1135 2448 alterum,
1158 2369 1246 2454 quod

217 2450 383 2514 confilium
397 2452 544 2550 accipiat,
560 2451 704 2528 tertium,
720 2449 806 2535 quod
820 2449 861 2513 de
874 2450 1129 2550 cauffisjudicet.
1159 2451 1248 2518 Mihi

218 2535 335 2600 euntia
348 2535 507 2616 τίιηεῑηῖι,π
523 2535 595 2600 talis
611 2534 759 2622 quaedam
775 2534 855 2598 ratio
869 2536 1033 2614 succurrit,
1049 2535 1137 2622 quod
1151 2559 1251 2602 omne

172 2612 207 2707 ¹7.
221 2621 354 2683 oratoris
368 2620 520 2699 officium,
536 2634 591 2685 ant
606 2619 767 2708 injusticiis
781 2621 834 2699 eli,
850 2634 906 2683 aut
921 2621 1141 2708 eatrajudicia.
1184 2624 1248 2686 Eo-

220 2726 303 2782 rum,
319 2704 360 2768 de
409 2705 502 2768 uibus
519 2704 645 2791 judicio
659 2705 822 2790 quaeritur,
843 2705 1041 2768 manifestum
1065 2727 1170 2792 genus
1185 2708 1247 2772 est:

221 2809 269 2864 ea,
284 2811 358 2874 quae
370 2726 411 2852 ad
430 2789 573 2874 judicem
597 2811 661 2852 non
677 2788 820 2866 veniunt,
835 2801 891 2852 aut
912 2790 1105 2874 praeteritum
1130 2791 1250 2856 habent

221 2875 360 2958 tempus,
374 2885 430 2936 aut
442 2873 585 2938 futurum
599 2897 606 2936 ε
630 2873 822 2959 praeterita²·
832 2873 1001 2937 laudamus
1022 2887 1078 2938 aut
1090 2874 1249 2962 vitupera-

191 2959 209 3022 8
223 2979 295 3020 mus
307 2981 317 3035 ς
341 2957 382 3022 de
396 2957 510 3022 suturis
524 2957 747 3022 deliberamus.
792 2958 875 3021 item
891 2959 998 3020 omnia
1012 2959 1052 3023 de
1069 2960 1184 3044 quibus
1197 2961 1250 3026 di-

222 3041 360 3106 cendum
384 3044 438 3120 est,
453 3055 510 3106 aut
522 3055 610 3106 certa
628 3043 686 3104 smt
710 3041 828 3106 necelle
843 3042 897 3120 est,
911 3056 967 3107 aut
989 3043 1095 3108 dubia.
1142 3047 1249 3126 Certa,

223 3139 261 3188 ut
276 3128 391 3225 cuique
405 3128 447 3190 eli
463 3126 598 3206 animus,
614 3126 723 3190 laudat
736 3139 792 3190 aut
806 3126 913 3212 culpat
925 3151 934 3188 t
957 3150 997 3191 ex
1018 3129 1124 3194 dubiis
1138 3133 1253 3216 partim

225 3211 318 3276 nobis
334 3213 403 3298 rpsrs
423 3213 462 3277 ad
486 3211 698 3278 eledliouemb
715 3211 787 3275 sunt
800 3211 910 3290 libera,
922 3211 962 3277 de
978 3211 1028 3278 his
1040 3213 1252 3297 deliberatur;

259 3427 357 3489 yplura
368 3429 399 3476 G.
410 3427 473 3477 iens.
537 3435 590 3477 ²et
600 3431 711 3493 quadam
724 3431 777 3481 talis
788 3424 820 3481 G.
830 3440 854 3479 et
866 3430 905 3494 infi
919 3430 985 3478 etiarn
995 3432 1059 3481 Jens.
1131 3440 1258 3507 ⁸praster-¹
1361 3428 1363 3433 ’

228 3495 291 3558 itum
303 3495 334 3542 G.
398 3492 412 3532 b
427 3493 617 3544 serenantem.

226 3685 332 3746 rsuram
342 3684 439 3744 risimus.
463 3685 513 3737 Hic
525 3695 589 3737 certe
599 3684 720 3736 sarturas
768 3689 857 3740 dentur
869 3697 915 3738 aut
925 3686 951 3738 in
961 3685 1002 3739 lite
1019 3689 1166 3752 ordinanda,
1177 3703 1220 3744 aut
1230 3691 1256 3744 in

230 3750 277 3802 sive
285 3751 465 3806 demonstrativi
476 3755 570 3824 generis
580 3751 646 3805 nulla
653 3769 720 3802 men·
769 3755 857 3824 confilio
867 3757 947 3808 danda
957 3757 999 3826 effe
1007 3757 1091 3826 pasta.
1121 3759 1188 3811 Nam
1197 3761 1259 3814 ittua

228 3822 277 3890 tio,
295 3831 381 3874 contra
397 3822 521 3874 Beneventi
540 3823 559 3874 s.
580 3821 721 3873 deliberati·
769 3825 869 3878 tertium
890 3826 1070 3895 (laudationes)
1091 3828 1184 3882 etiamr
1201 3840 1258 3897 opus

232 3905 291 3940 vurn
303 3906 381 3960 genus
393 3889 424 3940 ab
436 3891 620 3948 instauraturus.
639 3893 722 3944 conci·
770 3893 813 4015 ff,
833 3905 916 3948 tamen
937 3895 1015 3948 minus
1042 3899 1073 3966 est
1094 3915 1149 3948 nece
1164 3899 1257 3952 arium.

233 3957 299 4010 onali
309 3959 439 4010 discretum
452 3959 494 4010 est.
600 3969 601 3974 ’
800 3964 938 4032 isputantur
953 3965 1041 4018 deinde
1051 3984 1075 4018 c.
1091 3985 1132 4018 rr.
1151 3966 1260 4036 plussin

271 4045 297 4077 a.
316 4027 384 4096 apud
394 4026 543 4096 Ciceronem]
559 4029 598 4080 De
609 4031 681 4080 Orat.
696 4047 723 4091 2,
751 4038 753 4041 ’
771 4034 834 4084 hanc
847 4034 997 4086 l'ententiam.

239 4111 282 4144 10.
305 4113 334 4146 ex
353 4097 452 4164 persona
474 4099 593 4160 Antonii,
613 4102 676 4169 Qua
698 4099 724 4152 iu
809 4105 836 4153 6.
862 4120 930 4156 omne
945 4101 1050 4155 oratoris
1066 4101 1177 4169 ficium]
1197 4107 1261 4158 Ari·

230 4162 288 4238 spro
300 4173 372 4232 atque
383 4165 511 4220 incivium
523 4167 598 4234 causta
609 4169 728 4238 disrepta·
775 4167 871 4224 stotelea
891 4173 955 4236 sunt,
974 4189 1031 4240 quae
1053 4171 1208 4234 laudavimus
1231 4175 1263 4233 ad

239 4229 382 4303 tenuibusque
399 4237 543 4306 versantur,
561 4254 591 4290 ea
608 4237 667 4291 mihi
682 4237 726 4291 vi·
776 4237 794 4291 s.
811 4257 835 4292 r.
