2938 4910
190 379 194 386 ·
224 385 287 464 ges
428 425 432 438 .
461 377 1022 443 nemorumnemorum

224 544 316 637 quod
333 543 419 612 idem
435 543 476 608 de
494 543 703 630 petitionibus
717 543 839 610 diuum
855 543 928 610 ἤϊ’.
971 539 1093 610 Ve'rum
1117 559 1157 610 ex
1177 567 1261 613 corr-s

218 631 334 724 jundle
368 629 558 717 repositione
572 628 678 715 plures
690 629 749 694 effe
762 631 949 718 quaessiones
963 653 1000 694 ac
1015 632 1109 696 status
1123 631 1261 719 potsunt,

226 721 249 784 ri
271 719 337 782 aliu
382 729 481 802 negat
502 735 586 792 reus,
601 714 689 781 aliud
712 713 866 795 defendit,
892 713 1007 780 aliud*
1028 716 1101 802 jure
1125 719 1259 782 aetionis

225 801 384 870 excludit.
429 803 466 863 ln
491 821 556 897 quo
578 821 697 886 genere
719 801 829 887 agenti
852 801 894 864 est
916 795 1157 887 dilpiciendum,
1179 803 1259 890 quid

224 909 359 976 quoque
384 886 456 951 loco
479 885 592 948 diluat.
637 885 738 950 Quod
763 886 901 974 pertinet
926 885 967 950 ad
992 888 1167 968 adorem‘,
1192 911 1257 952 non
1275 901 1327 950 10

224 973 321 1062 plone
334 970 478 1037 diffentio
491 991 511 1034 a
524 969 628 1050 Celso,
643 971 700 1056 qui
715 972 778 1036 stne
791 971 891 1036 dubio
906 971 1095 1036 Ciceronem
1111 975 1155 1037 est
1168 973 1259 1038 secu-

224 1074 297 1124 tus:
322 1059 416 1122 indat
427 1069 534 1120 tamen
549 1055 626 1120 huic
640 1056 721 1142 parti
735 1056 968 1136 vehementius,
984 1069 1020 1121 ut
1031 1071 1138 1156 putet,
1154 1059 1260 1146 primo

224 1143 355 1210 firmum
374 1141 497 1229 aliquid
517 1142 578 1206 elle
600 1142 798 1227 ponendum,
813 1142 939 1206 sommo
958 1143 1178 1222 firmrffimum,
1194 1144 1259 1208 im-

223 1229 392 1294 becilliora
414 1227 545 1296 medio:
568 1227 643 1317 quin
667 1239 701 1290 et
722 1227 815 1290 initio
841 1229 1020 1306 movendus
1041 1227 1079 1292 fit
1096 1227 1208 1314 judex,
1224 1239 1260 1292 et

224 1314 351 1390 summo
365 1310 588 1400 impellendus.
606 1349 608 1361 ν
630 1311 678 1376 At
690 1333 749 1398 pro
767 1331 822 1376 reo
842 1313 1031 1400 plerumque
1070 1313 1258 1378 raviffimum
1275 1331 1319 1380 11

224 1400 372 1550 ppidque
392 1399 532 1486 primum
553 1397 748 1462 movendum
759 1409 785 1440 ‘⁰
806 1400 862 1478 est,
878 1419 919 1462 ne
940 1398 1022 1464 illud
1042 1336 1184 1486 lpettam
1198 1399 1259 1486 ju
1290 1457 1293 1464 ,

268 1507 289 1550 x
304 1483 500 1572 reliquorum
515 1481 686 1548 detentioni
700 1482 736 1546 fit
750 1485 892 1549 aversior.
937 1484 1071 1560 Interim
1093 1497 1200 1548 tamen
1223 1497 1259 1548 et

224 1570 289 1635 hoc
303 1570 491 1645 mutabitur,
507 1569 527 1630 fi
542 1567 661 1632 leviora
674 1568 729 1632 ille
737 1570 850 1718 pplam
874 1567 950 1634 falsa
970 1581 1074 1646 erunt,
1090 1569 1260 1656 graviffimi

164 1731 166 1734 ¹
225 1655 366 1720 dedentio
379 1653 557 1722 difficilior:
582 1665 631 1731 ut,
646 1654 735 1718 detra
798 1654 887 1741 prius
907 1654 1142 1719 accusatoribus
1161 1655 1221 1719 fide
1230 1654 1257 1734 ἆ,

225 1735 1258 1890 tffibltffltulttltettlultlllttffilttrulltt·
1290 1821 1296 1862 ι

226 1911 322 1976 detur
351 1871 443 1976 dilati
467 1847 624 1987 luminis,
653 1923 687 1973 et
716 1847 933 1996 plomittatur'
949 1849 1112 1976 defendo:
1146 1931 1186 1974 ne
1212 1864 1258 1990 id,

226 1996 316 2083 quod
342 2017 407 2060 non
431 1995 535 2058 statim
554 1995 727 2075 diluemus,
741 1997 855 2060 timere
874 1996 1047 2060 videamur.
1091 1996 1261 2061 Anteadae
1275 2011 1321 2066 η

224 2082 302 2147 vitae
316 2081 450 2146 crimina
462 2079 650 2166 plerumque
672 2082 773 2166 prima
788 2081 975 2167 purgandae
992 2081 1081 2164 sust,
1097 2093 1135 2144 ut
1157 2081 1202 2158 id,
1219 2081 1260 2145 de
1305 2093 1308 2100 ’

137 2235 139 2240 ,
225 2189 293 2254 quo
317 2167 439 2231 laturus
462 2165 505 2228 est
526 2165 717 2228 sententiam·
732 2167 844 2252 judex,
867 2166 976 2230 audire
998 2165 1153 2252 propitius
1177 2167 1259 2230 ioci·

161 2289 168 2304 ι
225 2251 306 2339 piat.
351 2251 415 2315 Sed
439 2250 502 2312 hoc
525 2269 653 2334 quoque
678 2271 737 2338 pro
762 2253 889 2314 Vareno
917 2251 1032 2316 Cicero
1052 2251 1085 2313 in
1106 2251 1260 2316 ultimum

225 2336 365 2402 distulit:
390 2357 466 2414 non,
489 2333 592 2421 quidf
612 2333 873 2483 frepueotiffime,
889 2335 954 2414 sed,
970 2336 1049 2422 quid
1071 2349 1141 2400 tum
1164 2357 1259 2422 expe-

225 2421 321 2502 diret,
350 2422 498 2494 intuitus.
545 2419 631 2482 Cum
671 2419 789 2508 implex
817 2421 955 2484 intentio
983 2421 1055 2502 erit,
1084 2421 1257 2485 videndum
1275 2437 1316 2505 13

226 2509 282 2587 est,
296 2521 357 2572 anss
373 2528 473 2571 unum
489 2503 610 2603 aliquid
625 2506 879 2591 respondeamuS,
895 2527 934 2569 an
951 2505 1052 2592 plura.
1090 2507 1124 2569 Si
1140 2525 1237 2572 unum
1246 2531 1256 2585 ς

225 2594 260 2658 in
275 2618 308 2657 re
320 2593 524 2678 quaestiooem
540 2589 750 2672 rostituaruus,
767 2613 806 2654 sn
822 2591 983 2679 insiripm.
1029 2591 1063 2656 Si
1078 2589 1109 2660 in
1124 2615 1157 2654 re
1167 2616 1186 2670 3.
1201 2613 1261 2654 ne-

225 2677 371 2778 gandum
392 2677 438 2754 fit,
459 2675 547 2762 quod
567 2675 729 2762 objicitur,
745 2699 785 2740 an
805 2675 975 2740 tuendum.
1021 2677 1055 2740 Si
1078 2677 1110 2739 in
1120 2677 1257 2764 script03
1300 2721 1302 2726 ·

133 2775 137 2782 '
226 2786 261 2828 ro
278 2784 341 2851 qua
354 2763 457 2850 specie
472 2760 556 2848 juris
570 2781 678 2846 pugna
691 2762 738 2840 fit,
755 2774 788 2825 et
802 2761 834 2824 in
850 2763 939 2824 eade
958 2763 1071 2841 verbis,
1086 2783 1126 2824 an
1148 2761 1257 2826 volun-

228 2860 289 2914 tate
314 2862 486 2936 quaeratur.
531 2843 569 2907 ld
592 2845 637 2908 ita
661 2847 937 2932 consequemur,s1
960 2846 1069 2910 intuiti
1091 2845 1258 2924 fuerimus,
1275 2864 1320 2928 14
1403 2917 1407 2924 ¹

225 2957 300 3020 quae
316 2937 353 2997 fit
375 2933 437 3012 lex,
454 2953 527 3018 quae
548 2929 646 2994 litem
658 2930 773 2994 faciat:
792 2932 860 2994 hoc
883 2931 936 3010 est,
953 2953 1017 3016 quo
1034 2931 1196 3022 judicium
1223 2933 1259 2996 fit

226 3019 446 3083 constitutum.
491 3016 577 3078 Nem
602 3017 749 3101 quaedam
772 3017 805 3080 in
827 3016 1016 3080 scholadieis
1035 3027 1198 3104 ponuntur
1218 3019 1259 3082 ed

226 3101 486 3191 conjungendam
501 3099 598 3176 modo
612 3101 689 3164 adire
704 3102 751 3165 rei
765 3101 896 3165 seriem:
919 3115 967 3179 ut,
985 3103 1089 3182 Pater,
1105 3103 1260 3188 expcfitum
1294 3177 1299 3188 .

216 3188 463 3278 quiagnoverit,
469 3185 579 3272 solutis
592 3187 741 3250 alimentis
763 3185 896 3272 recipiat.
941 3184 1050 3249 Minus
1071 3189 1148 3252 diuo
1168 3189 1258 3251 oudi-

227 3271 435 3359 aentemfilium
449 3271 537 3335 licent
550 3271 699 3335 abdicare.
747 3272 806 3336 Qui
829 3269 983 3359 expostsum
1004 3273 1120 3360 recepit,
1137 3273 1261 3360 imperat

204 3513 205 3518 ,
261 3487 275 3516 ²
293 3477 453 3526 om.Jens.est
465 3475 495 3522 G.
560 3473 731 3538 bninfilens.
797 3483 807 3508 ⁰
827 3475 990 3524 dottoremid.
1072 3482 1097 3507 (ἰ
1117 3477 1259 3526 diluendum

229 3563 302 3608 marg.
317 3543 377 3592 Colo.
388 3531 552 3590 amovdndum
564 3542 617 3601 conj.
629 3541 681 3603 Asc.
692 3541 820 3602 ap.·Burm.
849 3541 943 3602 Ouidſs
957 3541 1109 3589 moliendum
1125 3541 1167 3588 vel
1175 3543 1263 3605 {tmoli-v

227 3609 339 3658 endum?
462 3605 472 3634 '²
491 3621 532 3650 om.
544 3603 575 3650 G.
684 3614 694 3638 θ
712 3607 877 3666 impugnanda
889 3607 917 3652 G.
930 3607 993 3653 dens.
1005 3617 1026 3652 er
1036 3605 1068 3654 al.
1080 3617 1118 3667 ap.
1130 3607 1185 3654 Bur.
1197 3607 1224 3656 v.
1235 3623 1258 3654 n.

227 3672 354 3738 squidem
366 3673 397 3719 G.
409 3667 474 3718 mole.
540 3667 628 3714 {Illud
637 3684 667 3715 an
674 3669 767 3732 pulchre
778 3669 860 3716 omittit
872 3671 901 3716 G.
915 3687 938 3718 2.
1038 3667 1041 3674 ¹
1264 3672 1267 3676 ’

268 3856 310 3890 ιο.
336 3835 417 3903 primo
436 3832 553 3901 firmum]
586 3833 721 3886 Homerica
769 3833 885 3894 minmh.
899 3852 922 3885 e.
936 3845 1029 3903 pugnet
1042 3836 1110 3886 omni
1121 3837 1258 3888 coutentiu-

228 3907 362 3978 dispositio,
372 3906 404 3956 de
420 3920 470 3972 qua
489 3921 514 3968 5,
534 3919 576 3968 η,
591 3919 632 3964 14.
654 3905 679 3964 6,
692 3922 720 3965 4,
769 3922 800 3955 ne
811 3915 896 3955 contra
908 3905 1011 3954 crimina
1022 3923 1050 3954 eo
1062 3905 1191 3956 intentare.
1218 3908 1260 3958 Ita

231 3974 279 4032 22.
328 4019 346 4036 ,·
390 4027 391 4033 ,
517 3987 519 3992 “
770 3991 828 4025 mox
849 3974 867 4024 s.
885 3976 972 4038 45,de
993 3973 1133 4041 quaestione,
1145 3993 1195 4043 qua
1212 3994 1260 4026 non

269 4065 312 4098 η.
327 4041 412 4112 prima
425 4041 557 4111 purganda
566 4042 639 4110 sunt]
662 4042 720 4092 Nou
769 4051 921 4110 expugnata,
934 4043 1025 4111 inquit,
1037 4059 1083 4093 non
1092 4043 1127 4108 stt
1134 4045 1259 4112 sequenti.

229 4113 405 4171 contemnende
416 4113 488 4164 tertio
505 4112 577 4182 supra
589 4110 717 4182 proposita,
768 4111 812 4163 bus
822 4111 902 4162 Iocus:
922 4112 948 4162 h.
962 4131 984 4163 e.
1004 4129 1082 4180 quam
1096 4113 1140 4164 nisr
1158 4125 1260 4165 conten·

200 4198 274 4238 ·aut
285 4182 444 4256 expurganda
461 4181 522 4254 adep
532 4179 583 4232 fuit
601 4181 725 4249 attegio.
769 4181 1069 4252 nonedceritpauonus.
1150 4209 1153 4216 Α

230 4255 326 4320 Quidni
336 4255 401 4326 enim
412 4263 529 4322 patronus
538 4249 660 4320 impugnet
670 4249 719 4302 cri·
789 4301 794 4306 .
1101 4259 1104 4270 '
