3024 4912
248 413 323 494 ,1⁶⁶
495 411 542 478 u.
562 415 688 478 rnnn
714 413 1069 476 ourucrrnmur

249 577 448 652 ,sententiam
464 577 516 644 his
530 579 634 646 verbis
650 577 767 646 Cicero
780 578 1015 665 compseffitun
1032 578 1069 642 In
1083 603 1140 665 quo
1164 581 1292 666 prim

260 663 364 752 insistis
376 665 459 752 quast
471 667 515 728 ad
526 668 753 754 repugnandum
766 665 914 752 congreffr
929 664 1064 750 defenfio.
1108 665 1206 729 Unde
1219 689 1292 730 rur-

259 752 313 816 sus
328 751 398 822 'ulia
419 750 561 837 quaestio,
576 774 617 814 an
638 773 714 816 eum
729 751 850 836 semper
864 753 892 814 is
910 749 1019 827 saciat,
1034 749 1091 836 qui
1111 750 1290 836 respondet.

261 837 326 902 Cui
340 837 386 900 rei
402 837 560 923 praecipue
575 851 732 924 repugnat
745 833 916 900 Cornelius
930 834 1053 912 Celsus,
1069 835 1179 900 dicens
1193 861 1252 900 non
1272 863 1293 899 a

261 919 427 1009 depulſsoae
434 923 530 1008 sumi,
536 923 598 1008 sed
609 923 648 986 ab
662 947 704 1000 eo,
720 922 771 1009 qui
783 920 1000 1009 proppttioncm
1012 921 1106 1005 suam
1120 921 1292 1008 confimat.-

261 1021 299 1070 ut
325 1007 346 1070 fi
369 1007 534 1074 hominem
555 1008 694 1072 occisum
715 1030 790 1072 reus
810 1019 920 1094 negat,
935 1007 1030 1070 natus
1044 1007 1086 1070 ab
1112 1007 1294 1072 accusatore

252 1091 415 1171 ‚nascatun
430 1093 506 1177 quin
520 1093 546 1156 is
560 1094 638 1160 velit
652 1095 802 1180 probare:
826 1093 847 1156 si
862 1093 939 1178 jure
958 1089 1097 1156 occisum
1112 1115 1187 1156 reus
1200 1093 1293 1169 dicit,

253 1177 409 1250 transsate
432 1179 629 1262 probationis
651 1179 829 1244 necessitate
851 1179 970 1243 idema
995 1199 1050 1258 reo
1065 1179 1120 1240 fiat
1133 1179 1154 1256 ¹,
1169 1191 1234 1242 et·
1256 1179 1294 1242 fit

261 1264 333 1350 ejus
354 1263 502 1329 intentio.
547 1263 611 1328 Cui
636 1285 702 1328 non
724 1263 844 1328 accedo
868 1263 1039 1350 equidem:
1063 1284 1137 1326 nam
1152 1265 1195 1328 est
1219 1285 1293 1328 vero
1308 1281 1349 1343 14

260 1348 393 1435 propius
407 1348 495 1434 quod
517 1349 771 1427 contradicitur,
787 1349 907 1414 nullam
923 1347 982 1414 effe
999 1348 1102 1426 sitem,
1118 1349 1139 1411 sr
1161 1348 1201 1428 is,
1217 1371 1292 1413 cum

286 1457 329 1498 uo
342 1435 449 1520 agitur
460 1449 486 1513 ¹¹,
502 1433 583 1498 nihil
605 1435 809 1520 respondeat:
832 1433 970 1521 ideoque
992 1433 1058 1498 fieri
1080 1435 1191 1498 statum
1206 1457 1226 1498 a
1240 1457 1291 1497 re-

257 1458 447 1605 spondente.
492 1521 570 1584 Mea
584 1533 690 1586 tamen
705 1519 860 1584 sententia
874 1520 996 1584 varium
1011 1519 1044 1582 id
1058 1520 1114 1598 est,
1129 1533 1163 1582 et
1175 1519 1293 1584 eccidit
1306 1533 1347 1601 15

262 1627 320 1690 pro
332 1604 516 1669 conditione
530 1605 703 1670 caussarum
717 1629 725 1668 r
749 1605 826 1691 quia
839 1619 873 1670 et
891 1605 991 1670 videri
1005 1605 1104 1691 potest
1125 1605 1294 1690 propofitio

262 1690 436 1775 aliquando
464 1690 576 1756 statum
600 1690 717 1770 sacae,
743 1691 838 1754 utin
867 1690 1134 1776 conjecturalibus
1160 1691 1292 1768 cauffis3

262 1775 366 1840 utitur
387 1775 474 1840 enim
499 1775 680 1863 conjectura
693 1799 726 1838 tn
773 1776 800 1839 's
824 1777 881 1862 qui
895 1777 986 1874 agit:
1014 1781 1092 1859 (quo
1114 1775 1194 1838 moti
1241 1775 1293 1838 ui-

262 1859 350 1940 dam,
364 1861 513 1928 eumdem
528 1885 549 1926 a
569 1883 625 1926 reo
651 1861 750 1947 irfitia
763 1887 807 1924 em
821 1860 881 1925 esse
895 1860 1056 1938 durerunt)
1079 1873 1113 1924 et
1134 1859 1174 1924 in.
1194 1799 1294 1947 syilo·

494 2062 635 2110 ¹fiet1ens
706 2064 810 2111 nme.
875 2064 1060 2125 naguturscns.

263 2243 370 2308 obiecta.
386 2244 428 2295 Ac
439 2243 566 2312 deprecari
576 2259 753 2312 nonnunquam
801 2243 882 2304 vium,
901 2245 983 2312 (quod
1000 2259 1026 2296 et
1041 2261 1124 2296 manes
1141 2241 1208 2296 illius
1226 2257 1250 2296 et
1266 2261 1295 2298 a·

264 2314 331 2364 idem
342 2311 751 2382 essequodarertere‚certumest;
802 2315 862 2364 mici
888 2314 951 2364 mihi
975 2315 1109 2384 ignoscent,
1133 2331 1224 2383 magno
1246 2316 1295 2368 viri

264 2382 754 2442 etanobitcumolimGelliua6‚16.
802 2383 960 2451 admiratori)
990 2401 1103 2454 mugram
1127 2383 1189 2452 reip.
1214 2384 1295 2436 imani-

264 2451 380 2504 laudatne
391 2451 455 2514 esset,
466 2453 540 2518 hujus
558 2469 659 2524 quoque
671 2451 719 2504 loci
731 2465 756 2506 et
803 2469 861 2504 nere
872 2453 1020 2524 pericuum,
1035 2453 1080 2522 niſs
1095 2455 1163 2507 Deus
1179 2454 1296 2523 depreca-

261 2519 405 2574 'Bunnanni
423 2523 569 2576 auctoritate
586 2523 612 2574 in
634 2523 756 2574 Fabriano
803 2531 874 2574 retur
900 2532 925 2573 et
944 2534 1093 2576 averteret.-
1119 2524 1224 2576 necdum
1256 2525 1295 2576 iu-

258 2591 398 2644 Thesauro
410 2593 546 2645 firmatum.
574 2593 662 2660 Neque
673 2603 756 2642 tamen
803 2592 886 2655 venio,
897 2594 941 2644 ubi
953 2597 1011 2664 quis
1022 2606 1130 2645 veterum
1148 2595 1183 2644 ita
1194 2593 1296 2645 loeutus

263 2673 382 2730 putamus
393 2662 452 2715 huic
463 2663 538 2714 verbo
550 2662 631 2713 locum
642 2661 696 2722 esse,
711 2661 756 2712 ubi
804 2661 851 2712 fit:
875 2661 948 2714 nec-ti
966 2667 1007 2715 cui
1023 2665 1151 2724 exciderit,
1168 2663 1296 2716 reetedic-

264 2747 316 2784 uon
331 2744 355 2784 et
368 2741 452 2801 tuerer
463 2733 608 2784 intercedere
620 2731 715 2801 possint,
727 2742 757 2782 ut
805 2743 860 2782 tum
871 2733 988 2784 arbitror.

265 2802 332 2868 apud
349 2801 445 2866 judices
455 2804 532 2854 etiam
544 2803 588 2872 qui
598 2801 685 2867 justam
697 2819 757 2852 cau·
843 2820 885 2866 13·
905 2802 1000 2869 Cicero]
1022 2804 1091 2872 Top.
1111 2822 1136 2856 c.
1155 2821 1198 2868 25.
1219 2804 1296 2872 Resu-

265 2869 317 2922 sam
334 2871 435 2932 habent,
452 2883 534 2923 tamen
552 2889 634 2941 preces
654 2870 758 2942 adjicere
806 2871 868 2923 tatio
878 2872 1046 2942 accusationis,
1059 2871 1144 2944 inqua
1155 2873 1187 2943 est
1197 2873 1296 2941 depressio

265 2941 393 3003 mmitest,
404 2939 757 3010 et‚quidetcstanturmalum‚
809 2939 925 3002 criminis,
941 2961 994 3014 quae
1012 2946 1097 2994 Graece
1114 2947 1180 2998 ricae
1196 2942 1295 3004 dicitur,

265 3011 393 3080 precetad
409 3013 493 3064 Deum
513 3009 629 3080 allegant.
648 3010 758 3062 Observo
807 3011 924 3062 Latina
956 3011 1045 3064 ellatur
1048 3013 1140 3081 status,
1151 3010 1178 3060 in
1187 3031 1232 3081 quo
1239 3023 1294 3080 prr

266 3080 342 3131 etiam
360 3078 432 3142 illud,
450 3081 556 3149 Nepotis
576 3079 669 3139 locum,
690 3081 758 3146 quod
806 3021 962 3151 mumindjiit
994 3081 1047 3146 uaſs
1060 3083 1097 3132 ad
1111 3083 1295 3149 repugnandum

266 3166 316 3200 non
334 3151 429 3219 integre
445 3149 538 3201 relatur
549 3150 582 3202 est
594 3151 619 3201 in
636 3149 758 3212 Fabrum,
806 3148 925 3219 congreffa
936 3153 965 3201 de
976 3152 1044 3218 enfin.

266 3219 363 3271 errandi
386 3219 534 3271 occasionem
554 3221 661 3287 prebere
683 3219 756 3288 posse.
846 3238 887 3283 ¹3.
907 3219 1183 3340 prupoſstiunempuam]
1203 3218 1296 3272 Attio.

268 3283 374 3340 Ponitur
383 3285 436 3350 ita,
449 3288 556 3340 ‘santum
571 3287 653 3354 'abfiut
664 3303 680 3338 a
691 3288 757 3356 cupi·
807 3305 872 3338 nem.
886 3289 946 3340 Vid.
957 3289 976 3339 s.
989 3307 1031 3354 ις.
1041 3301 1066 3340 et
1078 3307 1091 3340 a
1102 3291 1126 3341 ia
1134 3289 1189 3340 soca
1200 3289 1296 3360 Qinc-

267 3355 347 3409 ditate
353 3358 469 3426 perum,
481 3368 508 3408 ut
519 3357 585 3410 nullu
596 3355 657 3409 inre
666 3357 759 3427 ufitsstt
805 3358 886 3409 tisiani
899 3358 1007 3410 indicata
1016 3360 1048 3410 ad
1060 3360 1078 3410 s
1093 3380 1119 3426 9.

268 3442 308 3486 ea,
321 3427 364 3508 nist
373 3427 398 3479 sn
409 3427 564 3496 deprecandis
575 3426 705 3479 amicorum
713 3437 757 3496 pe·
844 3445 886 3492 ¹5·
905 3445 949 3497 quo
960 3427 1019 3478 muti
1033 3428 1145 3498 quidam]
1165 3429 1232 3480 Cum
1244 3429 1296 3482 sen-

268 3495 577 3549 ricusrsautincumnwdis.
599 3498 666 3549 Hinc
680 3497 758 3564 igitur
807 3497 880 3548 tirent
903 3497 1005 3566 quidam
1034 3500 1139 3552 Artium
1169 3499 1296 3569 scriptores

269 3564 361 3634 siquis
379 3565 496 3618 formaret
513 3566 620 3637 phrasin,
631 3566 759 3635 deprecari
808 3567 972 3635 conjecturam
999 3567 1043 3619 esse
1071 3569 1170 3629 anons,
1198 3570 1297 3637 quoties

266 3635 376 3704 pericula
385 3635 517 3688 amicorum
526 3635 577 3706 fita
587 3635 698 3704 pecunia,
711 3653 758 3706 pu·
807 3637 938 3705 queritur,
961 3638 1001 3688 An
1014 3636 1132 3704 fecerit?
1161 3651 1186 3689 et
1208 3637 1297 3698 statum

269 3716 333 3756 taret
345 3707 367 3758 se
378 3724 436 3758 cum
448 3705 564 3758 Cornelio
575 3704 661 3774 loqui3
679 3716 703 3755 et
720 3721 758 3755 er·
807 3719 889 3757 tamen
900 3706 989 3757 vellent
1003 3707 1062 3758 oriri
1073 3723 1103 3759 ex
1114 3707 1148 3757 rei
1159 3705 1298 3776 depulsione

268 3788 341 3827 taret.
372 3777 503 3844 jungenda
514 3775 588 3826 etiam
600 3791 657 3844 quae
669 3792 759 3842 praece-
807 3778 891 3844 potius
909 3793 983 3844 quam
1004 3795 1034 3827 ex
1051 3775 1210 3846 propositione
1229 3776 1298 3828 aeto-

269 3845 343 3906 dnnt‚
367 3845 442 3914 Cujus
465 3845 551 3914 Agrip
569 3863 590 3896 ar
612 3844 694 3912 generi
723 3845 759 3896 sui
810 3846 860 3908 τῖες
883 3845 962 3914 ipsinn
980 3861 1067 3898 nomen
1086 3847 1242 3896 immutantes
1259 3845 1298 3896 in·

265 3917 366 3982 gratia,
386 3933 437 3984 qua
454 3915 475 3965 is
495 3864 567 3983 apud
577 3914 696 3966 caenrem
714 3931 758 3964 va·
800 3913 906 3982 fitiasem
917 3919 1001 3966 vocari
1017 3917 1048 3966 ab
1067 3913 1109 3964 illo
1125 3931 1220 3964 reorum
1234 3934 1298 3986 prae-

270 3983 329 4045 luit,
352 4001 406 4036 cum
428 4001 518 4052 augere
536 3983 674 4052 puffeffiunes
689 3983 760 4052 paffet
808 3982 869 4036 sidio
885 3981 1026 4052 infitiatione
1047 3984 1066 4034 s.
1091 4001 1120 4034 ne
1139 3984 1220 4035 atione
1244 4001 1298 4036 ma-

264 4055 446 4122 suas,tantum
457 4052 758 4121 affititacupiditatepe-
809 4052 919 4104 luerunt.
950 4055 1010 4104 Vid.
1035 4003 1138 4104 intras.
1163 4073 1204 4117 31.
1235 4055 1298 4106 Haec

270 4124 357 4183 cunia,
381 4133 409 4174 ut
432 4122 501 4174 nulla
522 4123 548 4174 in
569 4140 597 4174 re
608 4124 661 4192 usus
673 4121 707 4188 fit
718 4139 759 4182 ea,
809 4141 882 4192 porro
893 4121 1025 4191 parenthesr
1043 4122 1187 4174 includenda
1203 4125 1299 4184 curavi,

269 4193 350 4256 gratia
362 4191 488 4262 Agrippae
499 4193 563 4262 apud
577 4191 697 4242 Caesarem
710 4191 758 4242 διε.
809 4209 839 4242 ne
863 4191 985 4245 sententie
1014 4193 1221 4246 continuationem
1244 4211 1299 4262 per-

270 4260 385 4331 Dcnique
395 4277 442 4313 non
452 4275 513 4332 puto
524 4259 674 4314 benedixisse
685 4261 761 4312 Grae-
810 4262 919 4313 turbent.
