2870 4916
381 377 555 456 insrr'r.
575 393 780 458 onaron.
803 395 889 490 nin.
909 400 933 458 1.
954 412 984 479 5·
1155 419 1195 477 4,

168 554 305 636 Gurdos,
338 577 420 656 quos
446 577 505 643 pro
534 559 652 624 stolidis
680 559 797 648 accipit
819 561 949 662 vulgus,
979 583 1018 630 ex
1047 561 1200 650 Hispania

115 637 157 724 58
167 642 288 707 duxisse
310 642 468 729 originem
487 644 605 710 audivi.
650 646 714 710 Sed
737 647 807 711 haec
828 646 936 712 divisio
956 670 1029 712 mea
1051 648 1090 712 ad
1107 651 1197 712 Grae-

168 749 244 792 cum
268 729 429 814 praecipue
450 728 624 792 sermonem
649 730 805 816 pertinet:
838 753 912 796 nam
936 747 970 796 et
991 733 1131 798 maxima
1156 755 1197 798 ex

167 824 257 898 parte
284 814 448 878 Romanus
471 813 545 877 inde
568 815 736 880 conversus
765 817 819 894 est,
846 829 880 881 et
902 815 1043 882 couseslra
1069 839 1113 903 qu
1157 841 1200 884 ue

170 897 296 962 Graecis
310 899 432 962 utimur
450 899 565 977 verbis,
580 899 637 963 ubi
653 901 751 964 nostra
774 901 898 984 desunt,
914 903 991 966 ficut
1012 902 1059 970 illi
1073 925 1092 968 a
1106 841 1199 968 ritibia
1243 925 1249 934 ·

169 1002 236 1046 non
260 1005 436 1069 numquam
466 997 664 1050 mutuantur.
710 985 789 1048 Inde
815 985 871 1050 illa
895 987 1023 1072 quaestio
1046 988 1198 1068 exoritur,

169 1089 210 1130 an
225 1067 337 1132 eadem
352 1068 474 1132 ratione
489 1091 543 1154 per
556 1070 644 1134 casus
658 1069 733 1134 duci
749 1084 891 1149 externa,
907 1094 971 1156 qua
990 1074 1103 1151 nostra,
1119 1095 1198 1138 eon·

112 1165 157 1240 59
170 1153 289 1218 veniat.
333 1152 408 1216 Ac¹
433 1153 453 1216 fi
477 1155 613 1240 reperias
634 1156 880 1241 grammaticum
909 1170 1050 1220 ueterum
1075 1173 1197 1222 amato·

170 1259 252 1318 rem,
267 1252 367 1325 neget
381 1238 554 1324 quidquam
569 1261 608 1302 ex
622 1239 735 1304 latina
748 1241 871 1304 ratione
882 1243 1088 1312 mutandum:
1110 1245 1199 1328 quia,

170 1344 247 1386 cum
269 1323 305 1386 sit
319 1325 403 1409 apud
417 1345 474 1386 nos
492 1323 580 1388 casus
604 1325 773 1402 ablativus,
788 1348 883 1410 quem
908 1326 956 1390 illi
981 1349 1043 1389 non
1067 1327 1198 1406 habent,

170 1429 282 1492 parum
304 1409 484 1486 conveniat,
502 1431 568 1474 uno
586 1410 660 1474 casu
679 1411 796 1488 nollio,
818 1411 961 1498 quinque
982 1412 1103 1476 Graecis
1125 1414 1197 1478 uti:

115 1491 159 1554 60
171 1492 251 1579 quin
267 1494 362 1558 etiam
378 1493 488 1558 laudet
503 1494 652 1558 virtutem
668 1517 792 1574 eorum,
812 1496 867 1582 qui
883 1496 1092 1581 potentiorem
1114 1495 1200 1562 face-

171 1599 205 1640 re
217 1577 364 1664 linguam
379 1580 524 1642 Latinam
551 1580 727 1659 studebant,
742 1601 801 1646 nec
816 1580 927 1644 alienis
941 1585 1037 1668 eg‘ere
1052 1581 1201 1648 institutis

171 1661 372 1728 fatebantur:
396 1663 470 1728 inde
487 1662 642 1748 Castorem,
665 1665 774 1730 media
795 1665 913 1752 syllaba
938 1665 1102 1751 produtta,
1126 1689 1201 1765 pro·
1276 1660 1279 1667 ’

172 1749 373 1828 nuntiarunt,
388 1748 465 1835 quia
478 1749 541 1813 boc
552 1749 728 1814 omnibusg
751 1751 860 1814 nostris
876 1752 1060 1815 nominibus
1075 1752 1201 1816 accide-

172 1833 239 1911 bat,
255 1856 391 1921 quorum
408 1834 517 1918 prima¹
529 1835 641 1921 positio
661 1834 695 1898 in
720 1835 857 1914 easdem,
896 1857 953 1900 uas
969 1835 1085 1919 Castor,¹
1096 1836 1203 1900 literas

173 1917 259 1982 exit:
283 1932 317 1984 et
330 1931 367 1984 ut
382 1918 516 1984 Palaemo
538 1942 576 1984 ac
591 1919 733 1984 ὴΤείαηιο
746 1920 767 2000 ¹,
783 1933 820 1984 ut
834 1921 841 1960 ¹
853 1859 953 1998 Plato,
970 1927 1056 2004 (narn
1072 1921 1202 1986 siceum

174 2003 290 2067 Cicero
313 2026 442 2091 quoque
464 2003 613 2091 appellat)
636 2005 864 2084 dicerenturm,
879 2007 1102 2068 retinuerunt:
1125 2006 1202 2090 quia

174 2089 339 2167 Latinum,
354 2089 441 2175 quod
461 2115 476 2152 ο
498 2103 531 2153 et
544 2115 565 2153 n
586 2088 688 2154 literis
712 2089 884 2168 finiretur,
901 2112 966 2152 non
991 2089 1200 2174 reperiebant.

118 2169 159 2236 61
174 2173 227 2236 Ne
250 2173 283 2236 in
308 2199 329 2238 a
353 2173 484 2260 quidem
504 2187 633 2262 atques
656 2175 762 2238 literas
785 2173 871 2238 exire
893 2167 1012 2238 temere
1031 2172 1205 2238 masculina

177 2259 290 2323 Graeca
304 2259 436 2323 nomina
456 2258 543 2322 resto
562 2258 633 2322 casu
655 2261 875 2345 patiebantur:
900 2259 1058 2344 ideoque⁰
1073 2273 1105 2322 et
1120 2257 1204 2344 apud

176 2342 315 2408 Caelium
336 2343 489 2432 legimuS,
508 2343 598 2408 Pelia
618 2345 811 2409 Cincinnatus
820 2356 846 2408 P:
870 2357 903 2410 et
923 2343 1009 2432 apud
1025 2341 1202 2424 Messalam,

114 2546 120 2562 ¹
205 2559 380 2613 'Armeni
443 2562 840 2628 som.c.nv1amrmffip0ffi.
906 2563 1205 2614 ruauunntncu.
1248 2534 1253 2542 ’

176 2623 182 2658 ¹
196 2627 234 2674 Sic
246 2629 319 2676 MSS.
333 2629 422 2695 quidam
436 2629 479 2677 Gr.
492 2633 597 2689 τιλαμὼν
606 2629 720 2677 Thelam.
730 2629 761 2674 al.
835 2629 841 2659 ¹
859 2642 888 2675 ac
896 2628 927 2675 G.
934 2640 958 2675 et
966 2628 997 2675 al.
1061 2635 1080 2664 m
1096 2629 1205 2675 differen-

175 2694 369 2743 mearant.
434 2699 448 2726 ⁸
465 2693 563 2742 linirent
573 2695 604 2741 G.
669 2701 683 2730 0
698 2693 818 2756 itaqueG.
882 2693 1027 2740 PCinnatus
1036 2691 1068 2740 G.

213 2887 255 2936 57.
274 2869 384 2936 Gurdor]
406 2869 542 2924 illustravit
556 2869 587 2921 ad
604 2870 631 2922 h.
645 2869 664 2922 l.
715 2870 790 2922 tionis
814 2868 867 2922 elle·
904 2869 1031 2923 Nimirum
1048 2868 1092 2920 scri
1111 2867 1139 2920 srt
1159 2867 1205 2920 ali-

177 2937 675 3007 Columefiue.Almeloveeniusadscrip·'
732 2939 932 3008 uisinmargine
943 2938 1001 2990 libri
1013 2937 1086 2988 suidi
1104 2948 1201 2990 creater
1267 2953 1273 2961 “

177 3009 237 3060 serat
249 3008 427 3062 aGotholanis
439 3010 501 3060 Gort
512 3011 596 3062 vocari
608 3008 668 3060 stul·
715 2956 792 3061 scribi
802 3008 913 3062 Platonas
923 3025 1011 3060 nomen
1024 3009 1049 3059 in
1061 3007 1127 3059 retio
1137 3008 1205 3071 casu,

177 3089 248 3144 tum;
266 3091 291 3130 et
308 3079 478 3136 Burmannus,
490 3078 537 3130 lan
550 3080 612 3130 Gort
629 3076 667 3130 fa·
716 3089 746 3130 ut
756 3095 823 3130 nime
833 3076 905 3130 Plau
920 3077 958 3139 sat,
970 3077 1031 3128 alias
1042 3077 1140 3128 Platon.
1168 3077 1205 3128 11.

177 3157 251 3200 tuum
262 3147 306 3201 effe
317 3158 342 3198 et
353 3147 522 3200 effeminatum
535 3147 600 3216 apud
610 3145 668 3200 Bel·
717 3147 761 3200 lud
772 3147 947 3214 differenterin
958 3158 1099 3199 contextum
1113 3148 1144 3197 ab
1155 3146 1206 3200 alio

177 3234 258 3340 gabo,
268 3296 295 3338 ut
302 3285 386 3352 Plato]
398 3283 438 3336 Sic
444 3284 576 3356 legendum
587 3285 668 3337 omni·
717 3215 1205 3362 rrbiitununi’liiiiiiitiisiciiiirllitieiriisiaibiig

178 3373 211 3406 no
234 3357 341 3409 videtur.
390 3355 534 3424 Rigidiores
565 3353 668 3422 quidam
718 3355 847 3426 quosatio
863 3371 926 3426 opus
943 3355 993 3407 luit
1009 3352 1131 3424 particula
1147 3369 1206 3405 con·

178 3426 349 3478 Grammatici
366 3423 454 3477 volunt
472 3425 577 3475 Graecas
594 3441 668 3476 voces
715 3425 853 3493 junilivmn
871 3437 977 3494 regente.
1014 3425 1083 3475 ilinc
1099 3424 1206 3475 varietas

177 3492 540 3548 ornnescouformariadanalo
560 3493 608 3543 iam
621 3491 667 3543 ser·
716 3495 838 3548 illacirea
854 3493 998 3566 paniculae.
1034 3493 1150 3560 Denique
1167 3503 1208 3543 tu-¹

177 3567 259 3617 monis
271 3565 367 3616 Latini.
386 3511 601 3634 Qremadmoium
617 3561 668 3630 igi·
716 3577 772 3618 eum
783 3563 866 3616 locum
882 3563 921 3616 vel
932 3561 973 3620 lie,
985 3553 1151 3631 vesproxirne
1162 3561 1207 3613 de.

178 3643 222 3684 tur
238 3633 310 3686 Plato
321 3633 354 3684 eil
366 3633 479 3685 Ciceroni
491 3643 516 3682 et
533 3631 600 3692 aliis,
621 3627 667 3698 qui
715 3636 764 3698 dit,
781 3646 853 3704 puto,
870 3634 891 3685 F
893 3633 982 3684 abluar
1001 3629 1035 3684 Et
1052 3629 1157 3684 talama
1175 3647 1207 3684 ae

178 3715 270 3766 Graece
282 3703 396 3770 libainai,
405 3714 449 3773 ita,
460 3710 500 3764 his
516 3711 616 3780 quidem
625 3710 667 3774 ju·
717 3703 840 3764 telamon,
852 3712 879 3754 ut
890 3700 961 3754 Plato
974 3705 1053 3778 (nam.
1065 3716 1087 3750 rc
1096 3716 1150 3750 eum
1163 3699 1206 3752 Ci-

177 3785 287 3845 ditibus,
312 3782 417 3834 Palaemo
448 3791 472 3832 et
496 3777 593 3832 Telamo
622 3778 668 3831 sine
716 3788 865 3843 ceraquoque
874 3769 997 3839 appellat)
1006 3778 1167 3830 rennuerunt,
1176 3768 1205 3820 b.

178 3853 303 3905 terminali
319 3853 469 3905 Graecomm
484 3849 556 3902 litera
571 3847 670 3906 dicendi
715 3861 741 3902 e.
754 3841 910 3914 pertinaciter
920 3837 1088 3898 defenderunt,
1101 3850 1129 3889 ut
1148 3855 1207 3890 mox

178 3921 245 3975 sunt.
721 3932 746 3974 1,
764 3917 790 3974 6,
807 3929 851 3962 ao.
887 3911 976 3962 Monet
993 3906 1207 3970 Almeloveenius,

214 3996 258 4043 60.
276 3990 428 4054 dicerentur]
437 3987 551 4052 Voxjam
562 3985 671 4058 suspella
718 3979 770 4034 fuse
786 3981 851 4033 hunc
869 3979 952 4032 locum
970 3978 1102 4030 tumtum
1119 3977 1151 4028 ab
1168 3977 1206 4030 H.

180 4061 295 4114 Gallaeo=
315 4073 340 4111 et
355 4061 437 4128 magis
456 4056 529 4117 mihi,
575 4056 670 4126 siquam
720 4050 852 4122 Stephano,
871 4049 902 4100 de
919 4047 995 4101 abusu
1016 4047 1067 4099 Gr.
1083 4047 1116 4098 L.
1128 4063 1159 4128 ὀ.
1178 4064 1207 4110 4.

179 4131 262 4182 inveni
284 4127 428 4196 differenter
444 4127 469 4178 in
489 4127 543 4178 Got
563 4142 609 4177 ano
626 4143 668 4175 co·
719 4123 765 4174 Sed
778 4119 839 4171 nihil
857 4118 940 4179 babet,
953 4116 1020 4186 quud
1032 4115 1063 4167 ad
1080 4115 1208 4170 lethonem

179 4200 245 4264 dice,
258 4217 335 4272 quam
352 4210 415 4270 puto
431 4197 554 4266 originem
568 4213 670 4264 :onup-
720 4189 913 4246 eonslitueudam
925 4186 1055 4258 pertineat.
