3022 4920
344 415 348 421 ·
453 397 622 466 rusurr.
643 403 851 465 crunon.
872 403 956 463 uru.
976 405 1017 464 n.
1041 405 1090 464 ιε.
1243 365 1301 488 1³3

268 567 344 634 vitae
357 565 495 650 utilem3
513 567 583 656 jum
604 567 797 635 ostendimus
818 565 901 632 nihil
922 589 986 632 non
1001 568 1118 634 horum
1140 567 1174 634 in
1191 567 1304 635 rheto-

213 671 256 735 42
269 655 334 720 rice
350 653 445 720 inesse
454 668 475 718 ⁶.
520 654 630 720 Quid?
656 655 744 740 quod
758 665 792 716 et
807 653 1001 739 inspectione
1015 668 1049 719 et
1063 655 1303 738 exercitatione,

269 754 307 806 ut
322 754 404 806 artes
427 751 553 820 ceterae,
570 740 710 803 constat?
756 741 829 803 Nec
850 739 951 826 potest
973 763 1021 803 ars
1045 761 1110 804 non
1126 741 1233 821 else‚sr
1253 765 1304 808 ars

268 829 312 890 est
327 827 506 907 dialectice,
522 825 610 912 quod
632 825 698 889 sere
712 825 853 889 constatt
878 847 951 889 cunr
975 827 1015 889 ab
1031 827 1099 890 eus
1153 827 1184 892 ie
1198 829 1305 918 magis

268 935 368 1000 quarn
387 933 506 998 genere
529 911 663 975 differat.
707 909 772 975 Sed
792 931 853 974 nec
871 910 928 974 illu
949 911 1085 975 omitten
1109 913 1225 995 alunt,
1240 933 1306 1005 qut

269 1000 304 1063 in
319 1022 354 1064 re
373 1001 455 1064 alius
469 998 499 1062 se
513 995 762 1074 inartificialiter,
778 996 859 1060 alius
881 997 1085 1062 artificialiter
1101 1012 1203 1148 qerat,
1218 1000 1252 1065 in
1267 1023 1306 1070 ea

113 1156 114 1160 Ἰ
270 1086 332 1150 csse
356 1099 479 1184 artern:
503 1095 537 1147 et
559 1083 601 1182 in·
616 1103 666 1183 eo,
688 1082 776 1182 quod
798 1081 854 1168 qui
879 1081 1038 1162 didicerit,
1058 1105 1111 1184 nqe
1124 1085 1173 1150 ius
1195 1085 1305 1170 saciat,

213 1182 257 1251 ⁴³
271 1167 1307 1326 IttttitulisIlttttslnltnultt”I’Inlltt

269 1365 368 1430 opere
381 1341 541 1429 superabit
551 1364 561 1419 3
571 1302 689 1427 'neque
710 1339 807 1403 essent
827 1337 896 1425 ejus
917 1339 1008 1403 aliter
1022 1355 1088 1406 tam
1104 1343 1209 1408 multa
1222 1367 1306 1433 prae-

270 1441 377 1515 cepta,
394 1440 524 1513 tumque
547 1427 668 1514 magni,
684 1426 742 1512 qui
763 1425 927 1489 docerent.
972 1425 1011 1488 Id
1024 1427 1115 1514 quod
1136 1451 1211 1494 cum
1230 1453 1306 1495 om.

271 1515 368 1579 nibus
383 1511 599 1580 confitendum
615 1513 668 1590 est,
686 1525 755 1574 tum
771 1510 864 1574 nobis
886 1511 1058 1598 praecipue,
1076 1513 1133 1600 qui
1150 1515 1308 1586 rationem

271 1599 399 1665 dicendi
415 1600 533 1663 abono
547 1598 614 1661 viro
629 1619 693 1661 non
708 1597 738 1660 se
761 1617 899 1660 aramus.
975 1598 979 1612 ⁴

316 1687 445 1750 XVIII.
471 1685 594 1766 (XIX.)
626 1684 711 1748 Cum
735 1617 794 1746 liu
815 1682 950 1746 autemd
971 1682 1088 1748 artium
1110 1684 1180 1750 aliae
1199 1688 1310 1776 posita

273 1769 309 1836 in
338 1770 542 1859 inspectione,
570 1769 604 1832 id
627 1770 669 1833 est
692 1767 879 1856 cognitione
904 1779 938 1831 et
960 1768 1166 1836 estimatione
1187 1793 1308 1856 rerum,

272 1856 379 1944 qualis
393 1859 435 1921 est
450 1855 632 1944 Astrologia,
650 1854 775 1918 nullum
796 1853 929 1940 exigens
951 1854 1072 1937 auum,
1088 1858 1141 1922 sed
1165 1857 1231 1945 ipso
1247 1861 1309 1944 rei,

273 1943 367 2030 cujus
391 1943 528 2007 studium
551 1941 659 2020 habet,
684 1939 850 2004 intellectu
875 1953 1039 2019 contenta,
1061 1965 1134 2028 quae
1156 1947 1310 2027 θεωρητικὴ

274 2041 425 2094 vocaturt
449 2028 519 2091 aliae
540 2027 573 2090 in
596 2025 733 2114 agend0,
749 2045 884 2111 quarum
899 2025 933 2088 in
955 2025 1018 2090 hoc
1034 2027 1105 2092 finis
1119 2029 1173 2109 est,
1189 2041 1223 2094 et
1243 2031 1314 2120 ipso

274 2115 348 2180 adiu
369 2114 543 2202 perficitur,
559 2112 704 2197 nihilque
719 2112 785 2198 post
805 2111 912 2174 actum
931 2113 1037 2198 operis
1057 2112 1222 2202 relinquit,
1236 2139 1312 2203 quae

232 2199 411 2283 'unpuxnnl
438 2200 567 2280 dicitur,
590 2197 694 2284 qualis
715 2199 759 2260 est
771 2195 924 2284 saltatio:
947 2197 1017 2261 aliae
1036 2197 1069 2262 in
1090 2200 1217 2282 effectu,
1236 2225 1312 2289 quae

275 2285 391 2385 operis,
407 2286 496 2374 quod
510 2283 615 2350 oculis
635 2283 813 2371 subjicitur,
829 2282 1125 2348 consummatione‘
1143 2286 1240 2351 finem
1255 2309 1312 2354 ac·

274 2371 413 2458 cipiunt,
429 2393 525 2459 quam
539 2369 677 2448 ποιητικὴν
692 2369 901 2454 appellamus,
917 2369 1021 2456 qualis
1036 2371 1079 2435 est
1092 2370 1232 2458 pictura:
1247 2373 1314 2441 lero

270 2455 482 2545 judicandum
513 2459 555 2520 cst
577 2455 738 2519 rhetoricen
759 2455 793 2518 in
816 2455 890 2520 actu
913 2456 1094 2521 consistere:
1122 2455 1185 2520 boc
1210 2459 1311 2544 enim,
1403 2474 1406 2486 ¹

242 2553 263 2622 3
278 2541 367 2630 quod
383 2543 426 2606 est
442 2542 538 2606 officii
558 2542 617 2621 sui,
631 2540 765 2628 perlicit.
808 2541 918 2626 Atque
932 2539 977 2604 ite
991 2543 1031 2605 ab
1046 2541 1220 2608 omnibusl
1241 2543 1313 2610 dic·

277 2643 349 2694 tum
363 2629 416 2692 est.
450 2627 538 2692 Mihi
553 2639 660 2692 autem
677 2626 805 2690 videtur
819 2626 915 2690 etiarn
931 2648 971 2690 ex
988 2627 1050 2691 illis
1065 2629 1178 2692 ceteris
1192 2629 1315 2696 artibus

276 2714 417 2778 multum
440 2713 605 2778 assumere.
649 2714 736 2776 Nam
751 2723 787 2774 et
806 2713 907 2800 potest
927 2711 1098 2798 aliquando
1111 2713 1175 2812 ipsa
1194 2737 1245 2780 res
1258 2737 1318 2804 per

273 2799 309 2864 se
323 2799 518 2885 inspectione
538 2799 598 2863 else
620 2807 781 2862 contenta.
826 2797 897 2860 Erit
914 2798 999 2862 enirn
1021 2799 1163 2863 rhetorice
1184 2799 1218 2864 in
1240 2823 1314 2868 ora·

278 2897 347 2952 tore
363 2884 461 2950 etiam
476 2896 622 2948 tacente:
646 2883 713 2948 etsi
731 2882 880 2947 delleritss
903 2904 1008 2970 agere,
1024 2883 1073 2949 vel
1089 2905 1127 2972 pr
1170 2886 1249 2950 ofito
1262 2887 1316 2952 vel

276 2971 388 3058 aliquo
412 2971 485 3035 casu
507 2969 705 3057 impeditus3
742 2991 806 3032 non
836 2969 941 3055 magis
967 2968 1086 3034 desinet
1154 2983 1316 3051 eorator,

245 3067 376 3144 4quam
398 3056 555 3134 medicus,
569 3055 626 3142 qui
641 3053 772 3130 curandi
791 3053 903 3119 fecerit
927 3055 1037 3118 finem.
1080 3055 1168 3119 Nam
1191 3059 1234 3124 est
1254 3057 1317 3122 ali.

279 3143 365 3230 quis,
380 3163 416 3206 ac
432 3141 538 3206 nescio
553 3163 594 3205 an
609 3139 769 3205 maximus
783 3140 894 3220 etiam,
907 3161 947 3204 ex
961 3139 1088 3205 secretis
1101 3141 1212 3207 -studiis
1225 3141 1315 3208 sruc'-

279 3241 346 3308 tus,
361 3249 399 3292 ac
415 3239 485 3292 tum
508 3249 586 3313 pura
599 3226 745 3313 voluptas
768 3225 945 3306 literarum,
961 3245 1035 3289 cum
1058 3227 1099 3291 ab
1114 3227 1201 3307 adiu,
1216 3227 1250 3292 id
1271 3229 1318 3294 est

245 3317 301 3391 50
342 3334 387 3391 re,
406 3312 606 3392 recesserunt,
630 3324 664 3375 et
687 3311 960 3397 contemplatione
977 3310 1024 3375 sui
1045 3309 1206 3378 fruuntur.
1251 3311 1317 3390 Sed

281 3334 453 3461 elieivaeh
479 3419 610 3486 quoque
634 3395 754 3483 aliquid
772 3397 871 3460 fimile
895 3396 1017 3483 scriptis
1037 3397 1248 3478 orationibuS,
1263 3397 1318 3468 vel

280 3481 416 3546 historiis
435 3482 536 3568 (quod
558 3483 658 3568 ipsum
674 3503 754 3568 opus
778 3481 811 3546 in
828 3497 918 3569 parte
931 3481 1067 3546 oratoria
1091 3484 1205 3548 merito
1218 3484 1316 3572 poni.

278 3569 368 3647 mus)
393 3569 614 3654 consequetur.
659 3568 693 3632 Si
714 3581 822 3631 tumen
842 3589 907 3632 unu
930 3590 971 3632 ex
992 3567 1096 3632 tribus
1112 3569 1233 3633 artibus
1254 3571 1315 3650 ha·

279 3652 388 3718 benda
402 3651 450 3731 fit,
467 3653 548 3738 quia·
560 3652 719 3720 maximus
734 3653 803 3740 ejus
817 3651 890 3718 usus
912 3653 987 3718 astu
1008 3652 1201 3734 continetur,
1217 3665 1317 3743 atque
1368 3704 1370 3718 ,

279 3739 371 3804 estin
387 3759 427 3803 eo
441 3739 704 3826 frequentiffima3
721 3738 846 3804 dicatur
860 3738 974 3819 activa,
989 3737 1040 3804 vel
1054 3737 1318 3828 administrativa-²
1371 3799 1373 3805 .

279 3847 355 3896 nam
370 3837 404 3894 et
417 3823 481 3890 hoc
495 3821 635 3911 ejusdem
649 3824 696 3890 rei
709 3845 828 3889 nomen
843 3823 899 3892 est.

312 3995 389 4046 ‘effe
400 3996 432 4045 G.
486 3995 584 4058 digitur
592 3996 624 4044 G.
672 3996 934 4046 ‘consummationem
946 4009 996 4044 non
1007 3993 1083 4044 fiuent
1095 3995 1126 4044 G.
1137 3995 1201 4044 sent.
1249 3991 1320 4046 'Irni

280 4060 390 4112 niuibus
399 4061 465 4111 lens.
529 4069 541 4100 ⁸
558 4059 658 4131 detucnt
668 4061 701 4110 G.
756 4063 770 4095 ⁸
784 4061 826 4111 Sic
836 4061 868 4111 G.
880 4072 902 4110 u
911 4062 994 4112 Lucan
1005 4063 1090 4125 steph.
1102 4061 1155 4111 Col.
1164 4060 1273 4113 effodite
1282 4061 1319 4126 ab

280 4209 369 4274 vmlt3
382 4210 450 4281 quod
461 4210 485 4264 ln
504 4207 706 4334 prlmlsloltendit
718 4209 774 4264 lau-
801 4209 912 4267 §natura
922 4210 1030 4284 Logicet
1042 4228 1064 4266 c.
1079 4228 1111 4268 τι

280 4279 359 4339 datus
377 4283 411 4334 ab
427 4282 504 4335 Alme
515 4297 615 4336 oveemn
629 4279 729 4334 Venus
742 4281 776 4346 de
794 4355 798 4362 1
