3024 4912
165 341 167 352 ’
214 377 272 440 ,η
447 375 492 436 Μ.
514 377 637 439 rrnrr
660 371 1007 436 numeruntur

215 539 318 628 princi
359 532 407 618 m,
420 550 458 604 ut
472 539 505 604 in
521 539 684 620 omnibus,
699 539 744 604 ita
759 539 792 603 in
807 537 991 626 eloquentia
1008 555 1148 634 quoque,
1164 527 1245 600 cmi·
1309 557 1312 562 ·

218 626 307 690 nenti
330 648 430 689 rmum
444 627 455 688 ?
491 623 589 690 Quod
604 625 624 688 li
640 647 734 688 nemo
748 625 881 690 miratur
894 637 1003 709 poetas
1017 641 1173 686 maximos
1188 619 1245 682 sae-
1258 631 1281 696 4

217 734 257 798 pe
272 709 387 788 fecilse,
403 721 519 773 utnon
542 709 642 774 solum
664 707 763 774 initiis
785 731 918 796 operum
932 709 1059 774 suorum
1074 703 1183 772 Musas
1196 703 1247 766 in·
1294 711 1298 720 '

219 807 382 874 vocarent,
397 793 449 858 sed
472 795 614 891 provecti
636 817 765 880 quoque
789 793 929 881 longius,
945 814 1019 858 cum
1044 790 1085 856 ad
1108 789 1248 876 aliquem

219 879 399 967 graviorem
413 878 565 944 ventilent
579 879 700 958 locum,
715 891 895 966 repeterent
909 891 994 956 vota,
1009 887 1043 940 ct
1056 875 1145 940 velut
1167 895 1250 971 nova
1281 921 1286 934 .

220 964 400 1050 precatione
423 977 610 1028 uterentur:
636 964 718 1027 nrihi
737 986 867 1050 quoque
890 961 1034 1050 prolecto
1056 959 1174 1046 poterit
1197 981 1248 1044 rg·
1260 968 1281 1037 5

221 1049 318 1128 nosci,
336 1047 369 1128 sr,
384 1046 472 1134 quod
499 1048 604 1126 initio,
619 1071 720 1136 quum
747 1048 886 1136 primum
911 1048 994 1112 hanc
1019 1045 1183 1110 materiam
1198 1043 1250 1108 in-

222 1131 346 1212 choavi,
362 1155 424 1198 non
440 1132 567 1196 fecerim
581 1145 605 1212 ⁶,
622 1155 708 1198 nunc
718 1137 835 1196 'omnes
858 1134 891 1196 in
914 1131 1070 1197 auxilium
1094 1130 1184 1208 deos,
1200 1128 1250 1214 ip·

223 1219 357 1306 sumque
368 1217 404 1281 in
419 1217 540 1304 primis,
557 1239 622 1304 quo
636 1237 739 1304 neque
753 1217 935 1304 praelentius
951 1215 1052 1293 aliud,
1068 1235 1172 1302 neque
1188 1213 1251 1276 stu-

222 1303 284 1367 diis
299 1302 403 1388 magis
416 1301 588 1389 propitium
601 1307 614 1342 ⁴¹
629 1325 750 1366 numen
765 1305 819 1381 eli,
835 1303 979 1366 invocem
994 1325 1011 1364 εΑ
1025 1313 1074 1378 ut,
1095 1311 1252 1386 quantum

224 1389 319 1452 nobis
334 1386 574 1472 exspectationis
588 1385 717 1476 adjecit,
732 1402 856 1452 tantum
872 1385 994 1474 ingenii
1014 1384 1159 1470 adspiret,
1174 1383 1252 1446 dex-

223 1487 337 1571 terque
352 1495 387 1536 ac
403 1473 514 1536 volens
528 1471 616 1552 adfrt,
631 1485 664 1537 et
680 1494 744 1550 me,
760 1472 887 1559 qualem
909 1471 968 1535 else
983 1469 1131 1550 credidit,
1146 1469 1253 1533 faciat.

225 1559 330 1644 Cujus
352 1557 432 1620 mihi
457 1555 622 1643 religionis
645 1579 709 1622 non
732 1558 802 1621 haec
822 1555 887 1622 sola
907 1555 1001 1636 ratio,
1017 1578 1090 1643 quae
1105 1550 1287 1632 nraxima,6

224 1643 293 1720 est3
329 1640 384 1705 sed
405 1641 501 1719 aliae,
518 1664 582 1728 qua
607 1643 647 1708 fic
672 1642 816 1730 procedit
840 1641 943 1728 ipsum
965 1663 1057 1790 opus,
1079 1653 1117 1704 ut
1137 1639 1256 1725 majora

224 1725 391 1812 praeteritis
406 1749 443 1790 ac
464 1727 568 1822 magis
583 1727 681 1791 ardua
704 1728 774 1807 srnt,
790 1749 863 1814 quae
886 1727 977 1812 ingre
1000 1725 1056 1789 ior.
1104 1725 1257 1811 Sequitur

226 1812 325 1885 enim,
343 1824 380 1874 ut
387 1809 580 1894 judirinlzum
595 1811 770 1899 cauffarum,
786 1835 859 1898 quae
873 1811 946 1876 sunt
959 1811 1099 1875 maxime
1113 1809 1205 1874 variae
1220 1832 1257 1874 ae

227 1895 439 1980 multiplices,
455 1896 534 1959 ordo
546 1897 741 1982 explicetur:
764 1897 851 1983 quod
873 1895 1007 1984 prooemir'
1032 1895 1068 1958 fit
1092 1895 1255 1972 officium3

227 2003 302 2066 quae
317 1981 394 2044 ratio
408 1981 577 2060 rrarrondir
601 2004 673 2067 quae
685 1981 891 2070 probationum
906 1979 1039 2068 fitfides,
1052 1979 1104 2044 seu
1113 1981 1259 2068 propestta

229 2063 469 2144 confirmamus,
484 2065 537 2130 seu
561 2080 661 2130 contra
684 2067 765 2130 dicta
789 2065 1004 2144 dillolrrimus3
1033 2079 1151 2151 quanta
1166 2065 1212 2128 vis
1226 2065 1259 2128 in

225 2151 405 2236 perorando,
420 2149 474 2212 seu
490 2149 660 2214 reficienda
673 2151 761 2217 brevi
783 2150 971 2238 repetitione
984 2173 1089 2214 rerum
1108 2149 1262 2213 memoria

230 2233 274 2298 est
292 2231 425 2318 judicis,
455 2234 515 2297 five
537 2233 668 2300 affectus
690 2235 791 2320 (quod
814 2237 855 2300 est
874 2233 928 2298 lon
956 2257 974 2298 e
996 2233 1258 2320 potentiffimum)

229 2316 469 2382 commovendi.
490 2319 542 2382 De
557 2319 674 2405 quibus
710 2321 830 2384 artibus
847 2259 976 2420 siugulis
991 2319 1120 2410 quidam
1139 2319 1259 2416 separa·
1274 2329 1291 2396 7

231 2402 290 2464 tim
302 2401 436 2466 scribere
447 2401 639 2482 maluerunt,
651 2342 833 2470 velutonus
848 2419 946 2470 totrus
962 2404 1101 2490 corporis
1115 2403 1218 2480 venti,
1229 2417 1262 2468 et

232 2487 273 2549 fic
287 2508 417 2574 quoqne
431 2487 610 2573 complures
626 2489 666 2553 de
680 2512 870 2576 unaquaque
896 2511 1003 2554 earum
1028 2489 1125 2554 libros
1151 2487 1261 2551 edide-

232 2584 328 2635 runt:
353 2594 433 2658 quas
453 2593 515 2659 ego
539 2595 651 2637 omnes
667 2573 759 2639 ausus
784 2589 965 2652 contexere,
981 2596 1038 2660 pro
1102 2573 1262 2636 inlinitum

231 2655 312 2718 mihi
328 2654 468 2720 laborem
485 2658 559 2741 pros
577 2657 651 2736 icio,
667 2672 700 2721 et
714 2658 777 2744 ipsa
791 2659 989 2747 cogitatione
1002 2659 1035 2722 su
1049 2659 1131 2744 cepti
1147 2680 1262 2722 mune·

231 2741 275 2802 ris
289 2739 344 2803 fati
371 2763 418 2804 or.
463 2740 525 2805 Sed
564 2743 718 2805 urendum
734 2745 787 2823 cst,
803 2745 880 2830 quia
893 2743 1068 2830 coepimus:
1092 2756 1136 2823 et,
1153 2741 1173 2807 fi
1189 2741 1263 2806 viri-

234 2825 296 2890 bus
309 2764 524 2904 deiciemus,
540 2827 647 2890 animo
664 2843 770 2892 tamen
787 2829 1058 2914 perseverandum.

279 2911 306 2971 I.
331 2909 431 2974 Quod
442 2911 539 2996 princi
560 2911 619 2972 ium
635 2913 748 2976 Latine
764 2913 812 2977 vel
834 2915 983 2979 exordium
1005 2914 1134 2986 dicitur,
1148 2912 1266 2999 majore

233 2992 371 3080 quadam
387 2995 508 3058 ratione
526 2927 631 3058 dracoi
647 2997 795 3062 videntur
809 3001 950 3080 ωροοὶμιον
973 2997 1165 3062 nominasse:
1190 2999 1267 3084 quia

234 3100 253 3140 a
269 3078 378 3140 nostris
394 3079 522 3142 initium
547 3079 644 3144 modo
668 3081 870 3168 fignificntur,
888 3079 933 3144 illi
949 3081 1022 3145 satis
1047 3081 1130 3146 clare
1144 3098 1266 3168 partem

236 3162 320 3225 lianc
334 3161 394 3225 elle
408 3175 482 3225 ante
505 3163 676 3250 ingrcllum
691 3166 749 3244 rei,
765 3166 804 3242 de
827 3188 891 3250 qua
903 3163 1076 3230 dicendum
1100 3168 1147 3244 srt,
1164 3169 1266 3232 osten-

237 3245 330 3310 dunt.
375 3247 464 3309 Nam
481 3246 541 3310 five
556 3263 731 3334 propterea,
747 3249 835 3335 quod
851 3247 911 3332 οἴμῃ
928 3262 1030 3313 cantus
1045 3251 1101 3330 cll,
1115 3267 1148 3315 et
1163 3251 1301 3316 citha-2

236 3329 316 3414 roedi
344 3350 444 3416 pauca
473 3331 538 3410 illa,
561 3355 645 3417 quae,
670 3350 843 3420 antequam
868 3333 1053 3420 legitimum
1073 3346 1269 3420 'certarnen‘

269 3553 278 3574 ⁶
298 3547 402 3594 feceram
414 3547 445 3594 G.
458 3553 522 3606 reat,
531 3559 595 3610 puro.
660 3548 671 3580 ⁴
691 3550 813 3611 proprium
826 3549 857 3594 G.
910 3555 920 3578 0
940 3549 1028 3609 alloqui
1041 3552 1071 3599 G.
1088 3551 1195 3613 alioquin
1206 3553 1268 3599 Jens.

238 3613 306 3666 Bene,
318 3611 423 3668 arbitror,
437 3612 492 3661 Obr.
502 3613 558 3670 alia,
570 3613 634 3674 quia.
700 3612 710 3644 f
727 3613 867 3661 deficiemus
879 3612 909 3659 G.
927 3624 948 3658 e!
953 3615 1029 3676 plures
1040 3625 1077 3677 ap.
1090 3619 1147 3663 Br'rr.
1192 3625 1204 3662 ὅ
1221 3631 1272 3663 car-

239 3690 297 3722 men
309 3675 364 3738 conj.
377 3677 457 3724 ΒΜ.
1289 3676 1292 3684 “

274 3869 302 3914 4.
320 3860 455 3920 repeterent
466 3853 543 3916 vota]
563 3855 665 3926 Qoda
682 3853 732 3906 Pa·
817 3855 840 3913 I,
862 3871 886 3904 2.
912 3854 1045 3922 legitimum
1065 3851 1201 3921 certameri]
1228 3859 1272 3927 Ip-

241 3933 278 3973 tre
289 3922 332 3972 suo
342 3921 492 3981 didicerunt,
503 3923 622 3984 Homero,
632 3925 675 3992 qui
688 3939 731 3974 an·
781 3922 835 3974 snm
857 3939 946 3992 agona,
958 3926 992 3988 *in
1010 3941 1063 3992 quo
1078 3925 1111 3976 de
1128 3925 1195 3978 lama
1211 3931 1273 3978 anis

241 4001 265 4041 te
283 3990 418 4050 Boeniam,
436 3989 455 4042 s.
473 3990 618 4060 catalogum
632 3993 733 4044 navium
782 4003 875 4042 certant
888 4006 912 4042 et
929 3994 1090 4044 contendunt.
1118 3995 1158 4047 De
1176 3994 1274 4050 musicis

241 4057 346 4122 secundo
364 4059 456 4110 Iliados
473 4058 638 4124 subjunclam,
658 4079 733 4130 prope
783 4061 960 4112 certaminibus
973 4061 1044 4131 plena
1054 4065 1147 4116 omnia.
1173 4065 1233 4117 Vid.
1247 4085 1272 4118 v.

241 4127 378 4197 adulatorie
396 4127 484 4178 Musas
502 4129 643 4199 compellat.
672 4130 733 4180 Imi·
783 4148 811 4198 g.
830 4130 930 4180 Sueten.
950 4131 1026 4182 Nero.
1040 4149 1063 4182 c.
1080 4151 1120 4193 η,
1133 4134 1192 4186 item
1205 4153 1236 4184 22
1250 4146 1274 4187 et

241 4205 311 4249 tatus
321 4195 408 4252 deinde
420 4196 545 4268 Virgilius
559 4217 584 4262 7,
597 4201 659 4264 641,
673 4199 721 4251 &o
785 4216 830 4264 23,
841 4199 889 4250 &e
921 4201 956 4250 Et
978 4209 1111 4263 certamen,
1134 4207 1215 4265 styma,
1235 4204 1274 4256 di-
