3022 4920
403 376 578 440 tustra.
604 375 805 438 aaaron.
832 377 1037 454 121n.v11.7.n
1160 329 1162 338 i
1197 394 1251 450 ιη
1303 465 1305 470 Ι

220 519 425 627 composuisse
439 541 470 606 se
488 541 529 609 atl
550 541 735 630 exemplum
758 542 964 619 videbuntur,
977 539 1086 606 brevia
1107 538 1272 626 quaedam?

219 627 460 702 demonstranda
473 628 717 721 uestigiatdquae
733 629 910 716 persecutiq
932 627 1022 712 jamr
1049 626 1111 692 suis
1135 625 1256 692 viribus

187 705 282 776 6s1ne
311 712 507 794 adminiculo
535 715 684 802 progredi
713 716 837 800 possint.
881 716 1139 798 Nonnumquam
1168 705 1319 776 credisti
1336 739 1347 752 -“
1366 707 1378 774 s:
1436 758 1441 768 .

219 797 277 862 fibi
292 797 374 884 ipsos
387 811 396 838 ¹
411 802 571 886 oportebit
584 807 658 867 ε”ηθ
680 801 765 872 mala
787 798 1015 883 consuetudine
1037 799 1159 883 semper
1178 797 1256 860 alie·

187 946 191 952 .
219 903 298 948 num
314 883 456 950 laborem
473 885 733 972 sequendi,*³nihil
749 885 849 972 perse
864 884 972 950 conari
988 897 1021 948 et
1040 904 1180 970 quaerere
1196 881 1257 946 sci·

219 982 291 1034 ant»
333 971 434 1035 Quod
449 971 469 1034 si
484 971 560 1036 satia
574 971 747 1058 prudenter
759 971 894 1036 dicenda
908 970 1056 1046 viderint,
1074 969 1142 1056 jam
1158 989 1257 1054 prope

221 1054 440 1120 consummata
454 1055 553 1122 fuerit
574 1058 789 1143 praecipientis
805 1079 919 1157 opera:
943 1055 962 1118 si
985 1055 1065 1142 quid
1087 1054 1259 1118 erraverint

188 1139 340 1218 7adhuc‚
355 1156 449 1206 erunt
463 1143 503 1208 ad
522 1143 642 1210 'ducem
661 1143 848 1212 reducendi.
893 1141 957 1208 Cui
971 1141 1017 1206 rei
1041 1139 1140 1204 simile
1164 1138 1260 1225 quid·

221 1224 295 1290 dam
321 1225 474 1294 facientes
498 1249 594 1294 avus
623 1229 795 1307 cernimus,
823 1252 896 1316 quae
921 1227 1038 1295 teneris
1064 1225 1259 1310 infirmisque

221 1309 354 1378 foetibus
377 1313 466 1379 cibos
492 1335 547 1380 ore
571 1315 627 1379 suo
650 1315 785 1386 collatos
810 1314 1012 1400 partiuntur:
1047 1325 1079 1376 at
1104 1329 1179 1375 cum
1204 1308 1259 1374 vis

221 1396 294 1462 sunt
312 1397 427 1480 adulti,
483 1399 586 1464 ullum
610 1394 721 1487 egredi
736 1399 832 1479 nidin,
848 1413 882 1464 et
907 1396 1136 1472 circumvolare
1151 1395 1273 1461 sedem

221 1481 312 1548 illam
326 1422 542 1570 praecesiines
562 1485 634 1572 ipsae
650 1486 768 1551 docent
785 1510 793 1546 ε
817 1498 887 1550 tum
903 1497 1049 1571 expertas
1062 1483 1147 1548 vires'
1157 1481 1272 1546 libero*

222 1567 318 1646 coelo,
335 1567 463 1656 suaeque
477 1571 616 1658 ipsorum
632 1571 757 1638 fiduciae
772 1571 974 1657 permittunt.

266 1655 345 1718 VII.
373 1658 499 1740 (VIII.)
528 1657 613 1722 Illud
635 1679 675 1722 ex
695 1656 924 1722 consuetudine
953 1653 1144 1726 mutandum
1170 1675 1260 1738 pror-

223 1738 275 1804 sus
298 1740 442 1806 existimo
456 1743 488 1806 in
511 1743 573 1820 his,
590 1743 632 1806 de
653 1744 770 1829 quibus
794 1764 881 1808 nunc
895 1739 1083 1818 disserimus,
1099 1740 1259 1817 aetatibus,

224 1847 266 1888 ne
287 1826 406 1906 omnia,
422 1851 493 1914 quae
508 1828 696 1914 scripserint,
709 1828 860 1908 ediscant,
875 1840 909 1892 et
923 1839 1021 1906 certa,
1037 1840 1074 1890 ut
1094 1825 1191 1890 nioris
1206 1827 1260 1901 est,

223 1909 278 1976 die
291 1911 422 1978 dicant:
474 1914 540 1978 uod
565 1913 696 2000 quidem
720 1914 859 1981 maxime
881 1926 987 2000 patrea
1002 1913 1149 1998 exigunt,
1165 1923 1274 1994 atque·

224 1993 270 2059 ita
296 1997 427 2074 demum
452 1936 574 2064 sudare
597 1999 714 2064 liberos
739 1999 823 2078 suos,
848 1999 868 2063 sa
894 2021 992 2086 quam
1017 1995 1275 2082 frequentissime,

224 2081 483 2164 declamaverint,
512 2085 671 2164 credunt3
708 2107 784 2150 cum
812 2084 972 2170 profectus
1001 2083 1160 2169 precipue
1190 2081 1273 2148 dili--

193 2171 213 2222 2
225 2167 337 2253 gentia
359 2171 491 2236 constet.
535 2172 621 2244 Nam
647 2183 685 2236 ut
707 2171 841 2237 scribere
868 2169 1276 2272 pueroa,·.plurimumque-¹

226 2251 286 2316 esse
310 2255 343 2318 in
368 2255 430 2320 hoc
451 2278 558 2342 opere,
574 2256 667 2342 plane
690 2257 811 2320 velim:
835 2256 877 2322 fic
899 2254 1056 2323 edisceret
1081 2252 1199 2319 electos
1223 2275 1265 2318 ex

227 2337 424 2406 orationibus
445 2342 497 2406 vel
518 2342 665 2420 historiis,
682 2342 785 2408 aliove
806 2364 872 2428 quo
894 2361 1011 2426 genere
1031 2339 1203 2427 digamum
1226 2360 1288 2402 ea*

192 2429 303 2496 inuia
324 2426 538 2504 voluminum,
555 2427 655 2506 locon,
670 2429 774 2492 multo
796 2426 900 2514 magis
922 2427 1084 2490 suadeam.
1128 2427 1215 2490 Nam
1230 2437 1265 2488 et

227 2511 428 2576 exercebitur
453 2513 556 2578 acrius
580 2513 746 2591 memoria,
768 2513 872 2576 aliena
897 2511 1152 2597 complodendo,
1166 2531 1264 2595 quam

226 2595 299 2660 sua:
324 2611 358 2661 et
373 2597 430 2684 qui
445 2611 538 2662 erunt
550 2597 585 2662 in
607 2597 785 2664 difficiliore
807 2597 907 2685 hujus
922 2595 1050 2683 generis
1070 2595 1178 2660 labore
1192 2617 1263 2659 vcr-

146 2745 148 2749 .
226 2679 296 2760 sati,
311 2682 375 2746 fine
389 2683 541 2762 molestia,
557 2706 629 2769 quae
643 2683 698 2771 ips1
714 2683 971 2771 composuerunt,
987 2681 1055 2768 jam
1078 2679 1266 2744 familiarius

228 2767 336 2832 animo
350 2768 406 2832 suo
421 2769 572 2856 affigant:
596 2784 630 2833 et
650 2769 821 2836 assuescent
841 2768 984 2856 optimis,
999 2768 1185 2852 semperque
1205 2766 1264 2828 ha-

228 2853 353 2918 bebunt
378 2854 463 2918 intra
487 2855 530 2932 se,
547 2855 635 2940 quod
657 2855 848 2920 imitentur:
870 2853 968 2918 etiam
995 2874 1059 2916 non
1082 2851 1264 2929 sentientes,

229 2936 365 3003 sormam
389 2940 541 3003 orationis
563 2940 663 3020 illam,
679 2964 775 3027 quam
792 2951 899 3006 mente
923 2939 1051 3024 penitus
1073 2937 1278 3022 acceperint,¹

194 3009 418 3111 4expiiment.
461 3026 686 3092 Abundabunt
710 3037 818 3092 autem
833 3025 924 3110 copia
937 3025 1106 3090 verborum
1122 3023 1265 3109 optimo·

228 3131 312 3190 rum,
337 3123 371 3174 et
393 3111 633 3196 compositione,
659 3132 696 3178 ac
718 3111 830 3198 figuris
847 3109 915 3197 jam
941 3131 1006 3174 non
1036 3109 1185 3196 quaefftis,
1212 3107 1267 3172 sed

228 3196 351 3282 sponte,
366 3211 454 3260 etex
468 3198 604 3283 reposito
619 3198 708 3263 velut
722 3196 869 3260 thesauro
886 3194 916 3258 se
938 3195 1155 3261 offerentibus.
1202 3195 1267 3257 Ac-

229 3282 317 3346 c’edit
329 3281 380 3346 his
396 3281 584 3368 etjucunda
598 3283 630 3346 in
646 3284 788 3348 sermone
803 3283 910 3347 beneu
927 3303 946 3344 a
961 3303 1091 3368 quoque
1105 3279 1267 3344 diciorum
1310 3361 1312 3366 Ι

230 3367 354 3443 relati0‚
370 3381 402 3431 et
417 3367 450 3430 in
465 3368 573 3431 caussis
586 3369 686 3434 utilis.
730 3370 819 3433 Nam
834 3381 868 3432 et
882 3365 954 3452 plus
978 3365 1175 3436 auctoritatis
1190 3357 1266 3428 asili-

229 3467 307 3517 runt
327 3475 377 3533 ea,
393 3470 465 3540 quae
480 3475 543 3517 non
562 3455 724 3540 praesentis
738 3453 840 3542 gratia
853 3453 920 3518 litis
941 3451 1013 3517 sunt
1028 3465 1219 3540 comparata,
1234 3462 1278 3517 et.

264 3692 411 3752 aprosecuti
423 3693 453 3740 G.
464 3693 529 3741 Jens.
609 3704 694 3740 rcum
706 3691 737 3740 G.
812 3689 954 3739 'eosJenfi
1034 3688 1148 3737 ‘discere
1160 3687 1191 3736 G.
1203 3687 1266 3734 Jens·
1349 3737 1353 3745 ,

231 3762 245 3788 “
264 3757 351 3806 idonea
362 3773 459 3819 quoque
471 3759 501 3806 G.
512 3756 576 3805 lens.

269 3975 296 4010 ι.
314 3957 387 4011 multo
399 3954 478 4024 magis
483 3956 615 4029 suadeam]
633 3957 667 4007 Et
679 3972 727 4026 ego
775 3973 827 4024 quo
850 3953 957 4006 alacrius
981 3954 1044 4006 mihi
1069 3955 1094 4006 in
1123 3954 1170 4006 hac
1198 3963 1268 4022 parte

232 4027 274 4080 hic
287 4027 331 4080 sub
343 4025 448 4096 religiosi
466 4027 595 4078 testimonii
608 4025 655 4078 fide
667 4043 726 4078 con·
776 4024 968 4097 Quintlilianeae
987 4025 1116 4087 doctrina,
1135 4021 1268 4076 ediscendis

235 4098 315 4160 firmo,
329 4109 399 4148 tanto
419 4093 518 4148 felicius
536 4095 671 4166 progressos
684 4094 727 4148 esse
776 4095 957 4164 recitandisque
968 4111 1045 4164 quam
1057 4095 1172 4166 plurimis
1183 4092 1270 4146 Tullii

235 4168 261 4220 iu
286 4166 406 4220 scribendi
429 4167 579 4235 dicendique
608 4163 728 4222 facultate
777 4165 910 4238 prasertim
922 4165 994 4228 lecit,
1005 4164 1208 4238 obsequerentur.

235 4237 398 4291 adolescentes
418 4235 477 4290 fidei
503 4255 564 4291 meae
582 4235 728 4298 commissos,

835 4319 900 4399 *¹4
