3022 4920
87 803 139 846 css.
158 786 204 848 xrs

266 381 323 438 ω,
516 365 561 426 Μ.
584 361 707 424 FABII
730 363 1073 454 QUINCTILlANl
1104 431 1110 436 ,

261 525 446 608 creduntur.
491 528 543 590 Est
564 540 717 614 praeterea
736 527 882 624 quaedam
899 529 1059 602 virtutum
1080 524 1331 612 vitiorumqne4

264 612 393 693 vicinia,
410 635 474 699 qua
488 612 565 678 mole
586 639 646 676 reus
661 637 717 700 pro
733 613 833 690 libero,
851 614 1020 690 temerarius
1042 635 1098 698 pro
1104 611 1199 762 {orm
1215 613 1295 700 effit-

255 699 312 784 sus
328 719 427 783 proco
449 699 502 785 ioso
517 699 682 782 accipitur.
705 698 874 764 Maledicit
888 715 996 764 autem
1012 699 1102 762 ineru
1127 697 1189 770 itus
1204 721 1295 784 aper·

264 782 342 862 tius,
356 795 389 847 et
414 714 527 868 sepius
548 785 599 848 vel
623 807 696 850 cum
721 785 862 870 periculo
877 783 1010 871 suscepti
1032 783 1215 870 litigatorie,
1231 781 1318 846 fre-2

263 881 400 953 quenter
414 868 510 932 etiam
534 869 601 934 suo·
643 869 747 934 Affert
760 883 794 934 et
812 869 866 934 isla
879 892 928 934 res
950 869 1147 957 opinionem,
1164 868 1240 956 quie
1255 869 1294 932 li·
1307 880 1328 951 5

172 991 189 998 -
230 991 234 996 -
264 953 441 1020 bentissrme
455 953 602 1020 homines
616 955 750 1020 audiunt
763 975 811 1032 ea,
829 979 901 1054 quae
917 953 1023 1018 dicere
1043 954 1095 1041 ipfi
1114 953 1296 1019 noluissent.

265 1035 352 1102 Illud
368 1061 497 1126 quoque
511 1039 657 1118 alterum,
671 1041 758 1126 quod
773 1041 814 1102 est
836 1063 868 1103 m
892 1039 1073 1104 elocutione
1088 1037 1150 1124 ipsa
1168 1039 1294 1126 pericu·
1326 1117 1328 1122 Ι

263 1121 345 1202 lum,
362 1125 468 1188 minus
493 1125 585 1204 vitat,
601 1140 797 1210 conaturque
816 1105 960 1211 perdite:
985 1125 1059 1188 iude
1082 1125 1189 1190 evenit
1212 1147 1294 1188 non-

264 1231 454 1296 numquam,
469 1221 505 1274 ut
519 1209 639 1294 aliquid
662 1209 783 1296 grande
804 1209 955 1288 inveniet,
971 1211 1026 1295 qui
1046 1209 1165 1297 semper
1180 1211 1295 1296 quaerit
1313 1231 1322 1290 ζ

264 1295 354 1379 quod
380 1294 514 1359 nimium
537 1296 599 1358 est:
623 1317 733 1360 verum
760 1307 794 1359 et
814 1290 883 1360 'raro
906 1297 1024 1374 evenit,
1039 1309 1072 1360 et
1092 1308 1197 1360 certee
1220 1295 1295 1360 vitia

263 1401 328 1442 non
344 1381 462 1466 pensat.
509 1382 638 1466 Propter
660 1380 723 1478 hoc
742 1402 870 1466 quoque
892 1381 1053 1446 interdum
1076 1381 1221 1446 videntur
1243 1377 1327 1444 in-6

225 1533 245 1549 1,
263 1463 351 1528 dotti
366 1465 490 1551 copiam
506 1465 623 1530 hebere
638 1488 802 1554 majorem,
819 1466 907 1552 quod
921 1466 1034 1532 dicunt
1048 1468 1168 1530 omnia:
1191 1467 1295 1535 doctis

97 1566 128 1606 ι’.
147 1554 153 1569 ”
260 1549 307 1612 est
322 1550 494 1628 etelectio,
510 1565 544 1614 et
559 1551 685 1626 modus,
708 1551 771 1614 His
781 1551 917 1630 decedit,
934 1551 1021 1638 q'uod
1035 1574 1054 1614 a
1069 1556 1144 1615 cur'a
1159 1551 1294 1616 docendi

262 1635 350 1720 quod
370 1635 576 1715 intenderint,
592 1636 758 1712 recedunt.
804 1639 917 1722 ltaque
939 1637 1020 1706 illud
1039 1638 1247 1724 questionum
1263 1651 1296 1700 et
1326 1632 1331 1637 ¹

261 1735 526 1806 argumentorum
548 1721 633 1806 apud
656 1735 803 1807 corrupta
820 1719 944 1808 judicie
964 1722 1066 1809 frigus
1081 1723 1220 1787 evitant:
1244 1723 1294 1786 ni·

262 1803 376 1891 hilque
391 1805 487 1884 aliud,
502 1829 598 1892 quam
621 1829 686 1894 quo
699 1808 751 1870 -vel
767 1808 869 1893 pravis
886 1808 1099 1893 voluptatibus
1121 1831 1210 1872 aures
1226 1807 1294 1872 affin

263 1892 412 1954 stentium
427 1892 654 1976 permulceant,
670 1906 828 1978 quaernnt.
874 1893 1047 1956 Sententiae
1067 1915 1195 1978 quoque
1212 1893 1294 1978 ipsae,
1309 1905 1326 1972 7
1341 1931 1343 1938 >

263 1997 342 2061 ques
365 1975 442 2040 solas
463 1990 589 2062 petunt,
605 1979 708 2064 magis
723 1977 878 2056 eminent,
893 2000 969 2042 cum
991 1978 1099 2040 omnia
1120 1979 1205 2042 circa
1226 1977 1294 2041 illas

262 2061 387 2125 sordida
400 2075 433 2124 et
447 2061 569 2160 abjedla
584 2061 670 2126 sunt:
690 2078 724 2126 ut
739 2062 852 2125 Iuntina
867 2088 924 2126 reon
938 2063 1015 2125 inser
1027 2063 1146 2124 umbras
1167 2059 1293 2148 (quens-
1316 2139 1318 2144 Α

225 2197 228 2206 .
263 2145 436 2210 admodum
455 2147 568 2212 thero
582 2147 673 2227 dicit)
683 2149 742 2234 sed
758 2147 851 2234 plone
865 2147 918 2210 inf
933 2147 1057 2210 tenebris
1072 2147 1200 2210 clariora
1205 2149 1292 2234 fient.

264 2231 377 2317 ltaque
397 2232 548 2318 ingeniofi
570 2248 734 2310 vocentur,
757 2245 794 2296 ut
818 2232 910 2312 libet,
932 2232 1019 2296 dum-
1033 2245 1139 2295 tamen
1162 2234 1292 2311 constet,

261 2317 492 2382 contumeliose
506 2317 545 2381 sre
559 2319 679 2382 laudari
694 2317 855 2382 disertum.
900 2317 1122 2382 Nihilominus
1136 2317 1291 2381 consiten'-
1307 2313 1326 2376 8

264 2401 341 2465 dum
357 2404 399 2466 est
412 2403 508 2468 etiam
523 2403 877 2468 detraheredodtrinam
894 2402 1027 2488 aliquid,
1046 2423 1094 2468 ur
1111 2402 1219 2465 limam
1237 2425 1292 2468 ru·

264 2484 372 2570 dibus,
388 2501 420 2554 ct
445 2503 534 2554 cotes
556 2490 738 2570 hebetibuS,
759 2503 800 2552 et'
815 2489 887 2552 vino
912 2487 1115 2567 vetustatem
1144 2487 1196 2552 sed
1220 2487 1294 2552 vitia

441 2714 451 2740 ‘
470 2709 508 2758 Sic
520 2711 551 2757 G.
563 2721 584 2756 er
595 2709 662 2758 Bodl.
674 2719 752 2758 cetere
764 2709 803 2760 rel.
868 2705 878 2738 f
895 2700 956 2758 inser
966 2709 1074 2757 tenebras
1085 2709 1118 2756 G.

265 2942 321 2976 cnm
342 2924 422 2976 multo
438 2923 557 2976 minorem
574 2934 691 2994 occupat,
706 2923 755 2975 dcc.
840 2927 865 2973 6.
877 2923 965 2992 frigus
975 2921 1088 2987 evitant]
1103 2922 1293 2975 somnolentiam

267 2994 337 3063 plura
366 2994 444 3063 igitur
466 3006 490 3044 et
518 2995 609 3052 maiora
632 2995 755 3054 ridentur,
804 2992 1293 3061 illam,pigritiam,atquetorporemnu-

266 3079 382 3132 qnaenon
396 3063 450 3114 sunt
463 3063 603 3132 composita.
803 3063 911 3112 ditomm
941 3079 989 3112 non
1013 3059 1178 3130 experiuntur,
1201 3057 1292 3128 quibus

305 3149 327 3195 ς.
347 3151 399 3202 qua
412 3133 492 3184 ¹dicere
509 3131 552 3200 ipfi
565 3129 698 3198 noluiffrnt]
719 3131 755 3180 Ut
804 3131 994 3182 confliilandnm
1006 3131 1038 3181 est
1055 3131 1103 3191 his,
1117 3130 1161 3198 qui
1180 3143 1293 3182 accurate

267 3201 373 3262 lituum,
387 3205 431 3270 qui
445 3199 545 3253 humani
558 3214 583 3252 et
594 3219 675 3253 comes
688 3201 755 3252 vide·
803 3201 889 3252 docere
907 3213 930 3250 et
946 3201 1049 3269 probare
1069 3201 1166 3250 cans'am
1184 3199 1270 3251 volunt
1285 3223 1290 3252 :

267 3273 288 3323 ri
300 3271 387 3322 volnnt
399 3289 405 3317 ε
420 3271 565 3323 fescenninos
579 3285 602 3322 et
611 3281 756 3341 praetextata
804 3271 881 3320 multa
893 3271 959 3323 enim
976 3269 1016 3320 hic
1029 3269 1125 3319 minuta
1135 3270 1242 3336 quadam
1254 3269 1293 3322 di-

265 3343 349 3400 Verba,
368 3359 426 3408 quae
451 3341 535 3392 haberi
559 3341 645 3392 volunt
668 3341 754 3390 castre:
803 3339 1293 3410 lieentiadicendasunt‚q=.1aepraeter·

267 3411 516 3478 strnsl:-r11dee,etiam
529 3409 639 3462 modesti.
742 3415 746 3428 '
795 3410 909 3460 ,mittunt
921 3425 991 3460 anres
1003 3409 1124 3469 delicatae,
1134 3420 1157 3458 et
1170 3409 1293 3463 sententiis

303 3500 327 3544 ς.
343 3479 489 3548 periculum]
510 3478 571 3532 Vld.
589 3481 656 3532 ditia
676 3479 708 3530 ad
729 3497 756 3541 2,
803 3477 933 3546 splendidis
953 3479 1048 3548 impleri
1069 3479 1212 3548 cupientes;
1237 3497 1293 3548 qnae

268 3568 278 3601 1
288 3571 296 3600 r
303 3587 309 3610 ‚
326 3569 348 3616 3.
583 3563 587 3572 ·
803 3565 851 3598 non
864 3550 947 3600 minus
956 3566 1031 3618 prava
1042 3549 1155 3618 voluptas
1167 3549 1208 3611 est,
1218 3568 1294 3618 quom

307 3639 335 3686 §r
350 3630 419 3671 certa
436 3618 518 3684 viria]
547 3619 650 3670 Pr‘aetnli
671 3616 756 3671 tetrio-
803 3635 840 3678 ea,
854 3619 1148 3692 qnaecorpusdebilitat.

264 3706 320 3743 nem
330 3691 482 3758 optimorum
494 3687 608 3739 codicum
621 3701 690 3740 tanto
699 3691 754 3740 ina-
841 3707 866 3752 7.
886 3689 981 3768 Cicero]
1003 3689 1050 3740 Per
1066 3691 1149 3754 jocum
1169 3703 1217 3738 non
1241 3687 1292 3738 ille-

265 3762 317 3830 gir,
329 3777 386 3812 curn
399 3770 467 3811 certa
483 3761 545 3810 vitia
556 3759 645 3829 opponi
658 3759 755 3810 videam
803 3757 890 3828 pidum
904 3759 999 3809 laudari
1010 3771 1072 3828 puto
1087 3759 1168 3810 locum
1180 3759 1210 3808 de'
1219 3759 1290 3810 Omt.

265 3831 297 3883 iis
309 3829 456 3890 commodis,
469 3845 525 3896 quae
534 3845 593 3879 raro
605 3841 629 3879 et
640 3828 697 3880 casn
710 3843 755 3898 pn·
793 3825 830 3892 ¹3,
843 3831 887 3878 26.
908 3829 1045 3887 indicatum
1059 3828 1111 3892 jam
1128 3827 1159 3878 ab
1178 3827 1293 3878 Alnrclo-

266 3901 327 3960 tius,
340 3909 487 3968 quamrerto
499 3897 752 3958 sitccesl'u,eveniunt.
796 3900 906 3968 ¹veeni03x
930 3899 980 3948 Sed
992 3896 1082 3948 habear
1100 3907 1183 3948 tamen
1204 3894 1248 3946 illa
1267 3895 1293 3948 in

266 3971 370 4038 Propter
399 3965 489 4020 incert'a
513 3968 641 4020 commoda
671 3961 755 4020 anterii
795 3967 901 4018 'dicendo
916 3960 1048 4018 admiratio
1070 3984 1100 4016 ac
1111 3969 1211 4035 summa
1228 3961 1293 4027 Inui,

264 4053 358 4090 certum
371 4039 490 4090 damnum
503 4039 632 4106 prudentes
649 4054 697 4089 non
709 4037 754 4089 eli·
803 4039 917 4088 umbram
938 4037 1047 4106 aliquam
1067 4045 1090 4086 et
1113 4035 1232 4103 receffum‚
1250 4053 1294 4104 quo

264 4121 337 4177 gunt,
346 4125 389 4158 nec
402 4109 464 4187 spem
478 4111 595 4160 incertam
608 4119 674 4163 certo
683 4125 754 4178 mag·
802 4106 883 4175 magis
893 4107 927 4168 id,
940 4107 1002 4176 qnod
1011 4105 1059 4158 erit
1069 4105 1244 4167 illuminatum,
1250 4123 1294 4156 ex-

263 4193 345 4246 noque
358 4188 435 4248 pretio
448 4189 542 4252 emunit
587 4177 589 4182 ’
671 4175 701 4188 “’
794 4174 1208 4247 stareatpueeminerevideatur.
