3024 4912
314 360 317 368 ¹
385 397 552 473 rnsrrr.
578 409 880 472 orarentur.
904 413 958 472 111.
986 411 1015 470 o.
1186 409 1240 488 itt

213 561 342 664 quoque
362 583 412 662 (ut
431 577 510 655 dixi)
529 575 637 640 iisdem
662 574 865 662 generalibus
886 577 1044 664 capitibus
1068 574 1181 652 utitur,
1198 573 1248 639 Art

202 665 281 748 sit?
305 664 390 748 Quid
390 663 464 748 fit?
488 662 586 750 Quale
588 663 663 748 sit?
688 660 920 747 Quantmmfit?
940 663 1053 728 Aetati
1074 663 1137 724 nid.
1172 663 1246 725 Hoc

128 791 131 806 ι
214 748 366 813 ultimum
391 747 530 812 maxime
555 748 586 810 in
612 747 828 832 comparativo
850 769 968 834 genere
995 686 1105 811 versari
1129 761 1245 834 putat:

214 835 367 920 quoniam
383 833 498 898 melius
514 855 550 896 ac
566 833 670 920 pejus,
686 829 788 930 majus
811 845 845 893 et
861 833 978 912 minus,
995 833 1048 894 nisr
1072 831 1134 895 alio
1150 833 1250 898 relata

160 929 200 1001 51
216 932 309 984 nonp
335 919 573 1006 intelliguntur.
618 917 707 981 Sedq
737 933 770 979 m
792 916 862 980 illas
889 939 1018 1005 quoque
1042 917 1248 1000 transsations,

217 1019 255 1068 ut
282 1003 373 1102 supra
402 1003 603 1090 significavit,
653 1002 819 1066 uaestiones
846 1001 1082 1078 incidunt,·An
1107 1003 1174 1066 hnic
1192 1006 1250 1090 jos

217 1091 407 1177 agendzstt?
429 1089 482 1154 vel
493 1089 601 1177 facore
616 1026 735 1174 aliquid
747 1088 933 1151 converriot?
962 1091 1014 1151 An
1030 1089 1252 1153 contraham?

219 1179 275 1240 An
296 1177 347 1239 boc
371 1177 526 1261 tempore?
555 1174 608 1237 An
623 1174 700 1258 fio?
721 1172 830 1235 omnia
844 1173 929 1235 eninr
945 1175 1000 1236 ista
1013 1171 1120 1236 referri
1135 1174 1175 1236 ad
1190 1175 1249 1239 ali-

164 1273 206 1342 52
220 1260 299 1348 quid
313 1259 435 1325 necesse
449 1261 504 1324 est.
534 1259 602 1323 Alii
616 1259 666 1322 sex
682 1259 777 1320 status
792 1270 916 1342 putant,
932 1259 1137 1348 conjetlnram,
1153 1282 1251 1346 quam

168 1343 173 1352 '
220 1351 327 1431 γένεσιν
342 1359 480 1423 vocant3
502 1357 538 1408 et
556 1344 751 1430 qualitatem
775 1355 809 1406 et
829 1345 1045 1430 proprietatem,
1061 1343 1095 1407 id
1119 1345 1162 1408 eli
1188 1350 1252 1410 ltro*-

221 1451 305 1508 raro,
345 1453 388 1495 uo
402 1433 501 1494 verbo
527 1429 630 1493 finitio
657 1427 850 1505 ostenditur3
873 1441 906 1492 et
932 1429 1139 1516 quantitatem,
1155 1451 1253 1515 quam

222 1511 305 1589 aiilon
320 1455 434 1579 licum
448 1541 457 1594 3
481 1529 515 1577 et
528 1514 788 1602 comparationem
811 1526 844 1576 et
859 1515 1091 1622 trarplotionem,
1108 1513 1199 1601 cujus
1215 1515 1254 1580 ad

223 1595 288 1662 hoc
313 1623 431 1664 novum
461 1621 578 1664 nomen
605 1599 770 1662 inventum
794 1599 836 1660 est
857 1621 1040 1683 perarante:
1065 1622 1185 1665 novum
1200 1601 1252 1665 in-

249 1699 342 1748 nam⁸
365 1686 397 1748 in
421 1686 513 1764 statu,
529 1686 649 1772 alioqui
664 1685 705 1747 ab
721 1686 922 1772 Hermagora
935 1683 1018 1746 inter
1031 1685 1150 1770 species
1168 1685 1254 1773 juri'·

167 1785 211 1859 53
225 1705 376 1836 diciales²
403 1771 564 1834 usrtatum.
609 1769 692 1834 Aliis
716 1769 835 1855 septem
858 1767 917 1832 else
939 1769 1070 1854 placuit,
1095 1793 1113 1834 a
1137 1772 1257 1858 quibus

226 1877 286 1919 nec
301 1855 471 1935 transsati0,
489 1877 548 1919 nec
564 1855 735 1940 quantitas
747 1875 811 1917 nec
832 1855 1029 1940 comparatio
1049 1872 1176 1940 recepta
1190 1859 1254 1938 est3

226 1940 278 2004 sed
302 1942 335 2005 in
359 1943 473 2006 horum
497 1943 595 2005 trium
618 1942 725 2004 locum
752 1938 884 2002 subditae
900 1952 1037 2024 quatuor
1050 1941 1181 2027 legales,
1197 1943 1256 2006 ad-

171 2025 381 2114 54jeslaeque
397 2028 498 2090 tribus
512 2027 577 2090 illis
591 2024 808 2090 rationalibus.
846 2024 913 2088 Alii
929 2041 1139 2112 pervenerunt
1157 2029 1255 2114 usqne

169 2108 176 2120 '
227 2112 267 2175 ad
282 2113 367 2193 otto,
384 2111 575 2198 transtatione
590 2113 629 2176 ad
645 2112 761 2198 septem
777 2111 950 2196 superiores
965 2109 1098 2197 adjeeta.
1136 2115 1166 2176 A
1182 2115 1258 2200 qui·

226 2199 357 2263 bul'dam
372 2199 489 2262 deinde
503 2198 599 2262 divisa
615 2197 694 2260 ratio
707 2197 763 2274 est,
777 2209 814 2260 ut
827 2194 927 2282 status
942 2196 1102 2260 rationales
1117 2201 1258 2286 appella-

228 2297 311 2363 rent,
336 2283 502 2370 questiones
520 2281 815 2430 §quemadmodum
837 2281 928 2366 supra
954 2281 1034 2363 dixi)
1062 2283 1195 2370 legales:
1225 2287 1261 2351 in

174 2382 215 2451 55
227 2368 292 2432 illis
307 2370 344 2431 ele
357 2394 399 2445 re,
412 2369 444 2430 in
458 2368 511 2432 his
546 2369 895 2454 ascriptoquaereretur.
940 2367 1083 2432 Quidam
1100 2369 1131 2431 in
1154 2369 1259 2435 diver-

229 2453 297 2516 sum
313 2455 372 2516 hos
389 2456 482 2516 slatus
495 2454 568 2532 else,
585 2453 655 2516 illas
677 2452 863 2538 quaestiones
889 2451 1081 2516 maluerunt.
1127 2455 1191 2519 Sed
1206 2457 1261 2520 alii

229 2538 399 2601 rationales
421 2551 486 2600 tres
508 2553 711 2626 putaverunt,
728 2537 783 2600 An
794 2535 870 2620 stt?
901 2537 985 2621 Quid
993 2537 1067 2622 fit?
1091 2539 1262 2626 Ooolestt?

232 2625 449 2709 Hermagoras
461 2621 926 2710 solns⁰quatuoraonjetturam,
933 2623 1151 2721 proprietatem,
1160 2629 1260 2692 trans·
1301 2699 1303 2704 ,

232 2709 381 2785 lotionem,
397 2707 583 2794 qualitatem,
599 2729 696 2795 quam
715 2729 772 2793 per
786 2708 973 2787 accidentta,
989 2708 1079 2772 idest
1093 2712 1170 2772 narei
1191 2693 1264 2804 oup-

234 2792 372 2869 srtnno'roo
397 2807 489 2855 vocat
501 2804 528 2870 ¹,
545 2793 605 2856 hac
621 2791 892 2878 interpretatione,
917 2796 970 2856 An
990 2791 1040 2856 illi
1063 2792 1180 2857 accidat
1194 2817 1261 2856 vtro

235 2874 305 2937 bono
320 2875 383 2958 este,
397 2877 450 2940 nel
463 2878 568 2942 molo?
590 2880 684 2941 Hanc
698 2878 743 2940 ita
757 2875 888 2957 dividit,
897 2877 937 2942 de
961 2877 1148 2966 appetendis
1164 2893 1196 2940 et
1210 2877 1262 2942 sn-

235 2959 374 3046 giendis,
390 2981 462 3049 quae
476 2964 519 3026 est
533 2985 602 3050 pars
624 2962 822 3026 deliberativo
835 2987 845 3040 3
869 2967 905 3028 de
915 2967 1051 3052 persono,
1067 2985 1104 3027 ea
1126 2963 1262 3027 ostendi-

179 3045 222 3132 56
236 3061 287 3109 tur
301 3045 478 3126 laudativa3
502 3048 689 3136 negotialem,
705 3049 805 3134 quam
816 3051 1019 3130 πραγματικὴν
1037 3061 1138 3126 vocat,
1153 3051 1186 3114 in
1203 3072 1266 3135 qna

235 3130 276 3194 de
291 3132 384 3196 rebus
399 3132 470 3219 ipfis
486 3133 651 3220 quaeritnr,
666 3146 789 3206 remoto
804 3131 1004 3217 personarum
1021 3135 1200 3220 complexu,
1215 3151 1263 3210 ut,

239 3217 323 3282 Sitne
334 3217 424 3300 libor,
441 3219 492 3307 qui
507 3217 544 3306 ost
557 3219 590 3286 in
604 3219 781 3306 offertione?
801 3219 854 3280 An
877 3218 998 3281 diuitiae
1012 3221 1188 3308 snperbiam
1203 3236 1264 3308 po-

270 3445 282 3479 P
298 3453 343 3491 nec
353 3440 384 3488 G.
391 3440 490 3502 pnlelre.
572 3450 584 3486 t
602 3440 618 3488 ti
630 3442 655 3488 in
668 3439 725 3487 alias
735 3453 831 3498 quoque
843 3439 873 3486 G.
956 3446 966 3470 ¹
983 3441 1071 3501 signavi
1084 3441 1113 3486 G.
1126 3441 1189 3488 Jens.
1201 3452 1223 3487 er
1234 3441 1267 3485 al.

239 3511 375 3614 ijm'p'in'
425 3504 821 3615 ‘topqumintt.elioG.lens.
870 3506 1108 3570 tponlmrirfitens.
1158 3505 1268 3554 usolunt

240 3587 271 3616 r.
367 3580 496 3618 vocante.

279 3750 321 3798 5¹·
340 3733 423 3802 supra
439 3729 597 3800 strepitans]
624 3723 730 3783 Minime
779 3729 803 3780 sa
822 3731 897 3782 verba
917 3733 1047 3801 interprete
1062 3731 1182 3800 indigent.
1209 3731 1269 3782 Sen-

241 3802 418 3854 tontemnenda
437 3801 509 3854 lertio
516 3800 634 3869 figuravi.
655 3802 731 3852 Vide·
779 3799 833 3850 snm
844 3801 909 3852 hunc
923 3813 999 3868 pnto;
1018 3802 1087 3919 Qpid
1099 3801 1143 3851 nbi
1153 3799 1213 3850 velit
1225 3818 1269 3869 ap.

242 3883 284 3922 tur
294 3874 360 3923 enim
371 3871 512 3940 simpliciter
523 3873 553 3922 ad
569 3887 655 3922 nomen
667 3887 731 3940 que·
781 3868 881 3938 pellatia
892 3873 953 3918 nore
968 3871 1041 3930 eomer
1057 3873 1134 3930 arma,
1153 3869 1270 3940 intelligi-

233 3939 323 4008 ssiones
351 3941 475 4010 respicere,
496 3940 562 4009 qnod
592 3941 733 3992 transsativo
782 3939 881 3991 turhoc
894 3937 1013 4004 exemplo,
1027 3937 1171 3991 Ακίἰίὶὸιε.

242 4011 318 4062 etiarn
329 4011 402 4062 statui
413 4009 439 4060 su
457 4025 484 4061 ra
497 4011 586 4062 tribuit
598 4010 615 4060 s.
629 4028 647 4071 4
650 4029 675 4075 ς.
821 4014 863 4074 5⁶·
882 4007 924 4078 qui
939 4009 1007 4078 estin
1018 4005 1152 4077 offertione]
1174 4011 1214 4061 De
1225 4027 1271 4060 cu-

282 4097 326 4144 54.
337 4082 418 4148 fiopra
429 4027 498 4146 cdxi]
515 4081 667 4147 Locoquem
679 4095 734 4129 mo·
779 4078 822 4144 jus
841 4080 942 4147 proinde
960 4078 1073 4132 libertate
1089 4095 1145 4129 cum
1166 4083 1273 4130 inarime

244 4146 277 4200 do
289 4147 463 4209 indicavimus,
476 4149 494 4199 s.
508 4167 525 4212 4
528 4167 552 4216 ς.
583 4148 656 4202 Aeto.
670 4145 735 4200 infra
783 4149 913 4216 quaeritur,
925 4147 1039 4216 offerente
1050 4165 1109 4208 uno,
1116 4159 1141 4199 et
1152 4149 1273 4199 vindicias

244 4217 321 4268 tot.
358 4218 473 4270 raesertim
483 4223 524 4270 88.
802 4235 869 4268 roeo
882 4218 1013 4268 secundum
1034 4218 1172 4272 libertatem
1191 4219 1274 4290 polln-

282 4304 295 4356 5
301 4305 327 4355 5.
338 4237 386 4340 lac
395 4285 608 4358 interpretatione]
650 4301 685 4338 πε
697 4287 736 4357 ip·
785 4235 859 4348 imre,
871 4288 1051 4341 contradicente
1063 4285 1121 4340 alio.
