<?xml version="1.0" encoding="UTF-8"?>
<!DOCTYPE html PUBLIC "-//W3C//DTD XHTML 1.0 Transitional//EN"
    "http://www.w3.org/TR/xhtml1/DTD/xhtml1-transitional.dtd">
<html xmlns="http://www.w3.org/1999/xhtml" xml:lang="en" lang="en">
 <head>
  <title>
</title>
<meta http-equiv="Content-Type" content="text/html;charset=utf-8" />
  <meta name='ocr-system' content='tesseract 3.04.00' />
  <meta name='ocr-capabilities' content='ocr_page ocr_carea ocr_par ocr_line ocrx_word'/>
</head>
<body>
  <div class='ocr_page' id='page_1' title='image "./mfabiiquinctili00quingoog_0113.png"; bbox 0 0 3022 4920; ppageno 0'>
   <div class='ocr_carea' id='block_1_1' title="bbox 433 382 1299 472">
    <p class='ocr_par' dir='ltr' id='par_1_1' title="bbox 433 382 1299 472">
     <span class='ocr_line' id='line_1_1' title="bbox 433 382 1299 472; baseline 0.005 -20"><span class='ocrx_word' id='word_1_1' title='bbox 433 385 602 456; x_wconf 73' lang='lat' dir='ltr'>rusum.</span> <span class='ocrx_word' id='word_1_2' title='bbox 622 387 824 454; x_wconf 78' lang='lat' dir='ltr'>onnron.</span> <span class='ocrx_word' id='word_1_3' title='bbox 847 393 933 451; x_wconf 75' lang='lat' dir='ltr'>uua·</span> <span class='ocrx_word' id='word_1_4' title='bbox 954 394 979 452; x_wconf 92' lang='lat'>1.</span> <span class='ocrx_word' id='word_1_5' title='bbox 1001 395 1029 456; x_wconf 78' lang='lat' dir='ltr'>c.</span> <span class='ocrx_word' id='word_1_6' title='bbox 1207 382 1252 472; x_wconf 60' lang='lat' dir='ltr'>se</span> <span class='ocrx_word' id='word_1_7' title='bbox 1293 439 1299 456; x_wconf 82' lang='lat'>.</span> 
     </span>
    </p>
   </div>
   <div class='ocr_carea' id='block_1_2' title="bbox 148 555 1354 2776">
    <p class='ocr_par' dir='ltr' id='par_1_2' title="bbox 148 555 1354 1829">
     <span class='ocr_line' id='line_1_2' title="bbox 218 555 1250 645; baseline 0.003 -26"><span class='ocrx_word' id='word_1_8' title='bbox 218 555 369 642; x_wconf 84' lang='lat' dir='ltr'><strong>equidem</strong></span> <span class='ocrx_word' id='word_1_9' title='bbox 390 557 607 645; x_wconf 79' lang='lat' dir='ltr'><strong>grammaticis</strong></span> <span class='ocrx_word' id='word_1_10' title='bbox 624 556 753 636; x_wconf 85' lang='lat' dir='ltr'>auser03</span> <span class='ocrx_word' id='word_1_11' title='bbox 768 555 840 635; x_wconf 85' lang='lat' dir='ltr'>sed,</span> <span class='ocrx_word' id='word_1_12' title='bbox 856 578 930 622; x_wconf 91' lang='lat' dir='ltr'>cum</span> <span class='ocrx_word' id='word_1_13' title='bbox 949 556 1029 620; x_wconf 90' lang='lat' dir='ltr'>mihi</span> <span class='ocrx_word' id='word_1_14' title='bbox 1048 555 1152 622; x_wconf 81' lang='lat' dir='ltr'>officia</span> <span class='ocrx_word' id='word_1_15' title='bbox 1172 556 1250 622; x_wconf 90' lang='lat' dir='ltr'>rbe-</span> 
     </span>
     <span class='ocr_line' id='line_1_3' title="bbox 149 637 1250 729; baseline 0.003 -25"><span class='ocrx_word' id='word_1_16' title='bbox 149 639 296 715; x_wconf 68' lang='lat' dir='ltr'>33toris</span> <span class='ocrx_word' id='word_1_17' title='bbox 325 642 484 729; x_wconf 76' lang='lat' dir='ltr'>supersint,</span> <span class='ocrx_word' id='word_1_18' title='bbox 515 641 627 729; x_wconf 88' lang='lat' dir='ltr'>majori</span> <span class='ocrx_word' id='word_1_19' title='bbox 651 643 738 726; x_wconf 89' lang='lat' dir='ltr'>operi</span> <span class='ocrx_word' id='word_1_20' title='bbox 762 644 895 706; x_wconf 81' lang='lat' dir='ltr'>reservo.</span> <span class='ocrx_word' id='word_1_21' title='bbox 942 643 1036 706; x_wconf 85' lang='lat' dir='ltr'><strong>Redit</strong></span> <span class='ocrx_word' id='word_1_22' title='bbox 1061 657 1168 706; x_wconf 84' lang='lat' dir='ltr'>autem</span> <span class='ocrx_word' id='word_1_23' title='bbox 1195 637 1250 708; x_wconf 88' lang='lat' dir='ltr'>illa</span> 
     </span>
     <span class='ocr_line' id='line_1_4' title="bbox 216 727 1248 814; baseline 0.002 -24"><span class='ocrx_word' id='word_1_24' title='bbox 216 728 386 814; x_wconf 82' lang='lat' dir='ltr'>cogitatio,</span> <span class='ocrx_word' id='word_1_25' title='bbox 402 729 550 814; x_wconf 87' lang='lat' dir='ltr'>quosdam</span> <span class='ocrx_word' id='word_1_26' title='bbox 571 728 650 805; x_wconf 85' lang='lat' dir='ltr'>fore,</span> <span class='ocrx_word' id='word_1_27' title='bbox 666 729 721 813; x_wconf 93' lang='lat' dir='ltr'>qui</span> <span class='ocrx_word' id='word_1_28' title='bbox 737 728 821 805; x_wconf 85' lang='lat' dir='ltr'>haec,</span> <span class='ocrx_word' id='word_1_29' title='bbox 834 751 906 812; x_wconf 86' lang='lat' dir='ltr'>quac</span> <span class='ocrx_word' id='word_1_30' title='bbox 921 727 1073 807; x_wconf 84' lang='lat' dir='ltr'>diximus,</span> <span class='ocrx_word' id='word_1_31' title='bbox 1089 751 1182 812; x_wconf 86' lang='lat' dir='ltr'>parva</span> <span class='ocrx_word' id='word_1_32' title='bbox 1195 730 1248 792; x_wconf 89' lang='lat' dir='ltr'>ni·</span> 
     </span>
     <span class='ocr_line' id='line_1_5' title="bbox 214 813 1248 900; baseline 0.004 -26"><span class='ocrx_word' id='word_1_33' title='bbox 214 813 332 893; x_wconf 88' lang='lat' dir='ltr'>mium,</span> <span class='ocrx_word' id='word_1_34' title='bbox 351 829 383 877; x_wconf 88' lang='lat' dir='ltr'>et</span> <span class='ocrx_word' id='word_1_35' title='bbox 398 814 626 898; x_wconf 86' lang='lat' dir='ltr'>impedimenta</span> <span class='ocrx_word' id='word_1_36' title='bbox 645 833 775 898; x_wconf 87' lang='lat' dir='ltr'>quoquc</span> <span class='ocrx_word' id='word_1_37' title='bbox 789 813 891 900; x_wconf 86' lang='lat' dir='ltr'>majus</span> <span class='ocrx_word' id='word_1_38' title='bbox 906 813 1029 898; x_wconf 85' lang='lat' dir='ltr'>aliquid</span> <span class='ocrx_word' id='word_1_39' title='bbox 1043 813 1172 899; x_wconf 82' lang='lat' dir='ltr'>agendi,</span> <span class='ocrx_word' id='word_1_40' title='bbox 1187 837 1248 900; x_wconf 85' lang='lat' dir='ltr'>pu·</span> 
     </span>
     <span class='ocr_line' id='line_1_6' title="bbox 214 898 1248 986; baseline 0.004 -26"><span class='ocrx_word' id='word_1_41' title='bbox 214 911 298 962; x_wconf 88' lang='lat' dir='ltr'>tent.</span> <span class='ocrx_word' id='word_1_42' title='bbox 337 901 407 978; x_wconf 81' lang='lat' dir='ltr'>Nec</span> <span class='ocrx_word' id='word_1_43' title='bbox 423 899 487 984; x_wconf 87' lang='lat' dir='ltr'>ipse</span> <span class='ocrx_word' id='word_1_44' title='bbox 502 900 542 962; x_wconf 89' lang='lat' dir='ltr'>ad</span> <span class='ocrx_word' id='word_1_45' title='bbox 557 912 729 962; x_wconf 79' lang='lat' dir='ltr'>extremam</span> <span class='ocrx_word' id='word_1_46' title='bbox 743 898 840 984; x_wconf 88' lang='lat' dir='ltr'>usque</span> <span class='ocrx_word' id='word_1_47' title='bbox 855 899 1062 977; x_wconf 83' lang='lat' dir='ltr'>anxietatem,</span> <span class='ocrx_word' id='word_1_48' title='bbox 1078 912 1111 962; x_wconf 88' lang='lat' dir='ltr'>et</span> <span class='ocrx_word' id='word_1_49' title='bbox 1127 899 1248 986; x_wconf 87' lang='lat' dir='ltr'>ineptas</span> 
     </span>
     <span class='ocr_line' id='line_1_7' title="bbox 174 983 1249 1069; baseline 0.004 -25"><span class='ocrx_word' id='word_1_50' title='bbox 174 1017 179 1028; x_wconf 89' lang='lat'>.</span> <span class='ocrx_word' id='word_1_51' title='bbox 214 984 434 1048; x_wconf 82' lang='lat' dir='ltr'>cavillationes</span> <span class='ocrx_word' id='word_1_52' title='bbox 457 983 733 1058; x_wconf 77' lang='lat' dir='ltr'>descendendun13</span> <span class='ocrx_word' id='word_1_53' title='bbox 766 996 863 1068; x_wconf 85' lang='lat' dir='ltr'>atque</span> <span class='ocrx_word' id='word_1_54' title='bbox 886 983 936 1046; x_wconf 82' lang='lat' dir='ltr'>hie</span> <span class='ocrx_word' id='word_1_55' title='bbox 963 983 1094 1069; x_wconf 86' lang='lat' dir='ltr'>ingenia</span> <span class='ocrx_word' id='word_1_56' title='bbox 1122 985 1249 1058; x_wconf 75' lang='lat' dir='ltr'>concidi</span> 
     </span>
     <span class='ocr_line' id='line_1_8' title="bbox 148 1067 1247 1154; baseline -0.004 -18"><span class='ocrx_word' id='word_1_57' title='bbox 148 1074 201 1142; x_wconf 89' lang='grc'>34</span> <span class='ocrx_word' id='word_1_58' title='bbox 213 1082 249 1131; x_wconf 89' lang='lat' dir='ltr'>ct</span> <span class='ocrx_word' id='word_1_59' title='bbox 264 1070 451 1147; x_wconf 89' lang='lat' dir='ltr'>comminui,</span> <span class='ocrx_word' id='word_1_60' title='bbox 465 1071 572 1134; x_wconf 80' lang='lat' dir='ltr'>credo,</span> <span class='ocrx_word' id='word_1_61' title='bbox 618 1068 680 1132; x_wconf 90' lang='lat' dir='ltr'>Sed</span> <span class='ocrx_word' id='word_1_62' title='bbox 696 1067 774 1132; x_wconf 86' lang='lat' dir='ltr'>nihil</span> <span class='ocrx_word' id='word_1_63' title='bbox 791 1079 852 1132; x_wconf 84' lang='lat' dir='ltr'>ex¹¹</span> <span class='ocrx_word' id='word_1_64' title='bbox 868 1069 1078 1154; x_wconf 81' lang='lat' dir='ltr'>grammatica</span> <span class='ocrx_word' id='word_1_65' title='bbox 1091 1071 1247 1149; x_wconf 77' lang='lat' dir='ltr'>nocuerit,</span> 
     </span>
     <span class='ocr_line' id='line_1_9' title="bbox 212 1152 1249 1242; baseline 0.004 -27"><span class='ocrx_word' id='word_1_66' title='bbox 212 1155 270 1216; x_wconf 90' lang='lat' dir='ltr'>nisr</span> <span class='ocrx_word' id='word_1_67' title='bbox 287 1155 374 1238; x_wconf 92' lang='lat' dir='ltr'>quod</span> <span class='ocrx_word' id='word_1_68' title='bbox 389 1158 613 1242; x_wconf 88' lang='lat' dir='ltr'>supervacuum</span> <span class='ocrx_word' id='word_1_69' title='bbox 626 1156 678 1218; x_wconf 89' lang='lat' dir='ltr'>est.</span> <span class='ocrx_word' id='word_1_70' title='bbox 722 1155 775 1216; x_wconf 90' lang='lat' dir='ltr'>An</span> <span class='ocrx_word' id='word_1_71' title='bbox 791 1152 865 1218; x_wconf 92' lang='lat' dir='ltr'>ideo</span> <span class='ocrx_word' id='word_1_72' title='bbox 876 1154 982 1216; x_wconf 92' lang='lat' dir='ltr'>minor</span> <span class='ocrx_word' id='word_1_73' title='bbox 995 1155 1038 1216; x_wconf 90' lang='lat' dir='ltr'>est</span> <span class='ocrx_word' id='word_1_74' title='bbox 1052 1155 1103 1218; x_wconf 92' lang='lat' dir='ltr'>M.</span> <span class='ocrx_word' id='word_1_75' title='bbox 1119 1155 1249 1220; x_wconf 68' lang='lat' dir='ltr'>Tullius</span> 
     </span>
     <span class='ocr_line' id='line_1_10' title="bbox 213 1237 1248 1327; baseline 0.004 -25"><span class='ocrx_word' id='word_1_76' title='bbox 213 1253 332 1318; x_wconf 87' lang='lat' dir='ltr'>orator,</span> <span class='ocrx_word' id='word_1_77' title='bbox 350 1242 438 1327; x_wconf 93' lang='lat' dir='ltr'>quod</span> <span class='ocrx_word' id='word_1_78' title='bbox 464 1241 550 1304; x_wconf 92' lang='lat' dir='ltr'>idem</span> <span class='ocrx_word' id='word_1_79' title='bbox 575 1241 651 1304; x_wconf 87' lang='lat' dir='ltr'>artis</span> <span class='ocrx_word' id='word_1_80' title='bbox 675 1238 770 1326; x_wconf 89' lang='lat' dir='ltr'>hujus</span> <span class='ocrx_word' id='word_1_81' title='bbox 791 1237 1047 1325; x_wconf 87' lang='lat' dir='ltr'>diligentislimus</span> <span class='ocrx_word' id='word_1_82' title='bbox 1064 1239 1139 1318; x_wconf 87' lang='lat' dir='ltr'>suit,</span> <span class='ocrx_word' id='word_1_83' title='bbox 1160 1255 1193 1304; x_wconf 89' lang='lat' dir='ltr'>et</span> <span class='ocrx_word' id='word_1_84' title='bbox 1213 1242 1248 1306; x_wconf 91' lang='lat' dir='ltr'>in</span> 
     </span>
     <span class='ocr_line' id='line_1_11' title="bbox 176 1319 1297 1412; baseline 0.004 -27"><span class='ocrx_word' id='word_1_85' title='bbox 176 1319 180 1328; x_wconf 89' lang='lat'>&#39;</span> <span class='ocrx_word' id='word_1_86' title='bbox 215 1324 351 1409; x_wconf 65' lang='lat' dir='ltr'>filiosut</span> <span class='ocrx_word' id='word_1_87' title='bbox 365 1327 397 1389; x_wconf 93' lang='lat' dir='ltr'>in</span> <span class='ocrx_word' id='word_1_88' title='bbox 413 1326 551 1412; x_wconf 71' lang='lat' dir='ltr'>epistolis</span> <span class='ocrx_word' id='word_1_89' title='bbox 567 1327 708 1411; x_wconf 87' lang='lat' dir='ltr'>apparet)</span> <span class='ocrx_word' id='word_1_90' title='bbox 727 1323 812 1387; x_wconf 74' lang='lat' dir='ltr'>recte</span> <span class='ocrx_word' id='word_1_91' title='bbox 827 1323 980 1410; x_wconf 91' lang='lat' dir='ltr'>loquendi</span> <span class='ocrx_word' id='word_1_92' title='bbox 997 1324 1223 1411; x_wconf 82' lang='lat' dir='ltr'>usquequaque</span> <span class='ocrx_word' id='word_1_93' title='bbox 1234 1338 1249 1368; x_wconf 82' lang='lat'><strong>⁰</strong></span> <span class='ocrx_word' id='word_1_94' title='bbox 1288 1325 1297 1338; x_wconf 75' lang='grc'><strong>“</strong></span> 
     </span>
     <span class='ocr_line' id='line_1_12' title="bbox 148 1409 1247 1498; baseline 0.003 -27"><span class='ocrx_word' id='word_1_95' title='bbox 148 1413 199 1480; x_wconf 84' lang='grc'>35</span> <span class='ocrx_word' id='word_1_96' title='bbox 215 1410 302 1494; x_wconf 84' lang='lat' dir='ltr'>asper</span> <span class='ocrx_word' id='word_1_97' title='bbox 327 1433 456 1498; x_wconf 92' lang='lat' dir='ltr'>quoquc</span> <span class='ocrx_word' id='word_1_98' title='bbox 481 1413 630 1476; x_wconf 69' lang='lat' dir='ltr'>excitor?</span> <span class='ocrx_word' id='word_1_99' title='bbox 664 1421 720 1474; x_wconf 89' lang='lat' dir='ltr'>aut</span> <span class='ocrx_word' id='word_1_100' title='bbox 744 1409 809 1472; x_wconf 90' lang='lat' dir='ltr'>vim</span> <span class='ocrx_word' id='word_1_101' title='bbox 832 1410 873 1474; x_wconf 83' lang='lat' dir='ltr'>C.</span> <span class='ocrx_word' id='word_1_102' title='bbox 900 1409 1030 1474; x_wconf 74' lang='lat' dir='ltr'>Caelaris</span> <span class='ocrx_word' id='word_1_103' title='bbox 1056 1409 1247 1495; x_wconf 64' lang='lat' dir='ltr'>fregerunt?</span> 
     </span>
     <span class='ocr_line' id='line_1_13' title="bbox 213 1493 1246 1584; baseline 0.004 -28"><span class='ocrx_word' id='word_1_104' title='bbox 213 1495 293 1558; x_wconf 90' lang='lat' dir='ltr'>editi</span> <span class='ocrx_word' id='word_1_105' title='bbox 316 1498 352 1558; x_wconf 82' lang='lat' dir='ltr'>de</span> <span class='ocrx_word' id='word_1_106' title='bbox 370 1497 514 1584; x_wconf 83' lang='lat' dir='ltr'>analogia</span> <span class='ocrx_word' id='word_1_107' title='bbox 539 1495 634 1560; x_wconf 80' lang='lat' dir='ltr'>libri?</span> <span class='ocrx_word' id='word_1_108' title='bbox 662 1494 812 1558; x_wconf 84' lang='lat' dir='ltr'>antideo</span> <span class='ocrx_word' id='word_1_109' title='bbox 834 1495 940 1558; x_wconf 88' lang='lat' dir='ltr'>minus</span> <span class='ocrx_word' id='word_1_110' title='bbox 963 1493 1092 1558; x_wconf 82' lang='lat' dir='ltr'>Messala</span> <span class='ocrx_word' id='word_1_111' title='bbox 1111 1495 1246 1573; x_wconf 79' lang='lat' dir='ltr'>nitidus,</span> 
     </span>
     <span class='ocr_line' id='line_1_14' title="bbox 212 1578 1246 1668; baseline 0.002 -26"><span class='ocrx_word' id='word_1_112' title='bbox 212 1581 292 1664; x_wconf 89' lang='lat' dir='ltr'>quia</span> <span class='ocrx_word' id='word_1_113' title='bbox 305 1583 455 1668; x_wconf 89' lang='lat' dir='ltr'>quosdam</span> <span class='ocrx_word' id='word_1_114' title='bbox 471 1595 556 1645; x_wconf 87' lang='lat' dir='ltr'>totos</span> <span class='ocrx_word' id='word_1_115' title='bbox 571 1579 698 1645; x_wconf 89' lang='lat' dir='ltr'>libellos</span> <span class='ocrx_word' id='word_1_116' title='bbox 713 1601 777 1642; x_wconf 89' lang='lat' dir='ltr'>non</span> <span class='ocrx_word' id='word_1_117' title='bbox 794 1578 856 1642; x_wconf 86' lang='lat' dir='ltr'>deq</span> <span class='ocrx_word' id='word_1_118' title='bbox 872 1579 974 1644; x_wconf 89' lang='lat' dir='ltr'>verbis</span> <span class='ocrx_word' id='word_1_119' title='bbox 989 1579 1086 1642; x_wconf 93' lang='lat' dir='ltr'>modo</span> <span class='ocrx_word' id='word_1_120' title='bbox 1102 1579 1246 1666; x_wconf 78' lang='lat' dir='ltr'>singulis,</span> 
     </span>
     <span class='ocr_line' id='line_1_15' title="bbox 212 1664 1354 1752; baseline 0 -24"><span class='ocrx_word' id='word_1_121' title='bbox 212 1665 268 1728; x_wconf 86' lang='lat' dir='ltr'>sed</span> <span class='ocrx_word' id='word_1_122' title='bbox 295 1668 391 1730; x_wconf 87' lang='lat' dir='ltr'>etiam</span> <span class='ocrx_word' id='word_1_123' title='bbox 418 1668 519 1731; x_wconf 74' lang='lat' dir='ltr'>literis</span> <span class='ocrx_word' id='word_1_124' title='bbox 537 1666 649 1730; x_wconf 82' lang='lat' dir='ltr'>dedit?</span> <span class='ocrx_word' id='word_1_125' title='bbox 675 1667 752 1728; x_wconf 92' lang='lat' dir='ltr'>Non</span> <span class='ocrx_word' id='word_1_126' title='bbox 776 1665 899 1728; x_wconf 81' lang='lat' dir='ltr'>obstant</span> <span class='ocrx_word' id='word_1_127' title='bbox 920 1664 974 1727; x_wconf 84' lang='lat' dir='ltr'>hae</span> <span class='ocrx_word' id='word_1_128' title='bbox 994 1664 1167 1752; x_wconf 86' lang='lat' dir='ltr'>disciplinae</span> <span class='ocrx_word' id='word_1_129' title='bbox 1188 1689 1354 1752; x_wconf 77' lang='lat' dir='ltr'>per-</span> 
     </span>
     <span class='ocr_line' id='line_1_16' title="bbox 171 1749 951 1829; baseline 0.001 -18"><span class='ocrx_word' id='word_1_130' title='bbox 171 1765 176 1773; x_wconf 88' lang='lat'><em>&#39;</em></span> <span class='ocrx_word' id='word_1_131' title='bbox 212 1749 284 1812; x_wconf 88' lang='lat' dir='ltr'>illas</span> <span class='ocrx_word' id='word_1_132' title='bbox 300 1753 462 1829; x_wconf 76' lang='lat' dir='ltr'>euntibuS‚</span> <span class='ocrx_word' id='word_1_133' title='bbox 478 1752 550 1816; x_wconf 82' lang='lat' dir='ltr'>sedr</span> <span class='ocrx_word' id='word_1_134' title='bbox 566 1753 649 1816; x_wconf 87' lang='lat' dir='ltr'>circa</span> <span class='ocrx_word' id='word_1_135' title='bbox 661 1750 731 1814; x_wconf 84' lang='lat' dir='ltr'>illas</span> <span class='ocrx_word' id='word_1_136' title='bbox 746 1749 951 1814; x_wconf 85' lang='lat' dir='ltr'>haerentibus.</span> 
     </span>
    </p>

    <p class='ocr_par' dir='ltr' id='par_1_3' title="bbox 208 1834 1329 2257">
     <span class='ocr_line' id='line_1_17' title="bbox 256 1834 1247 1923; baseline 0.006 -26"><span class='ocrx_word' id='word_1_137' title='bbox 256 1837 352 1900; x_wconf 84' lang='lat' dir='ltr'><strong>VIII.</strong></span> <span class='ocrx_word' id='word_1_138' title='bbox 380 1839 500 1921; x_wconf 88' lang='lat' dir='ltr'><strong>(XIV.)</strong></span> <span class='ocrx_word' id='word_1_139' title='bbox 527 1837 670 1923; x_wconf 84' lang='lat' dir='ltr'>Superest</span> <span class='ocrx_word' id='word_1_140' title='bbox 683 1835 792 1914; x_wconf 74' lang='lat' dir='ltr'>Iecii0,</span> <span class='ocrx_word' id='word_1_141' title='bbox 808 1834 841 1896; x_wconf 94' lang='lat' dir='ltr'>in</span> <span class='ocrx_word' id='word_1_142' title='bbox 863 1857 928 1919; x_wconf 86' lang='lat' dir='ltr'>qua</span> <span class='ocrx_word' id='word_1_143' title='bbox 942 1856 1021 1920; x_wconf 87' lang='lat' dir='ltr'>puer</span> <span class='ocrx_word' id='word_1_144' title='bbox 1033 1847 1071 1899; x_wconf 89' lang='lat' dir='ltr'>ut</span> <span class='ocrx_word' id='word_1_145' title='bbox 1085 1835 1172 1914; x_wconf 85' lang='lat' dir='ltr'>sciat,</span> <span class='ocrx_word' id='word_1_146' title='bbox 1189 1837 1247 1903; x_wconf 89' lang='lat' dir='ltr'>ubi</span> 
     </span>
     <span class='ocr_line' id='line_1_18' title="bbox 211 1903 1244 2008; baseline 0 -24"><span class='ocrx_word' id='word_1_147' title='bbox 211 1903 397 2006; x_wconf 70' lang='lat' dir='ltr'>suspendeie</span> <span class='ocrx_word' id='word_1_148' title='bbox 416 1923 559 2008; x_wconf 87' lang='lat' dir='ltr'>spiritum</span> <span class='ocrx_word' id='word_1_149' title='bbox 581 1923 708 2000; x_wconf 85' lang='lat' dir='ltr'>debeat,</span> <span class='ocrx_word' id='word_1_150' title='bbox 731 1943 797 2006; x_wconf 91' lang='lat' dir='ltr'>quo</span> <span class='ocrx_word' id='word_1_151' title='bbox 811 1919 883 1984; x_wconf 92' lang='lat' dir='ltr'>loco</span> <span class='ocrx_word' id='word_1_152' title='bbox 897 1919 1018 1982; x_wconf 88' lang='lat' dir='ltr'>versum</span> <span class='ocrx_word' id='word_1_153' title='bbox 1039 1920 1244 2006; x_wconf 84' lang='lat' dir='ltr'>distinguere,</span> 
     </span>
     <span class='ocr_line' id='line_1_19' title="bbox 210 2003 1245 2091; baseline 0.002 -23"><span class='ocrx_word' id='word_1_154' title='bbox 210 2007 270 2068; x_wconf 90' lang='lat' dir='ltr'>ubi</span> <span class='ocrx_word' id='word_1_155' title='bbox 285 2007 583 2088; x_wconf 66' lang='lat' dir='ltr'>claudatursensus,</span> <span class='ocrx_word' id='word_1_156' title='bbox 599 2006 685 2070; x_wconf 88' lang='lat' dir='ltr'>uude</span> <span class='ocrx_word' id='word_1_157' title='bbox 703 2005 846 2091; x_wconf 85' lang='lat' dir='ltr'>incipiat,</span> <span class='ocrx_word' id='word_1_158' title='bbox 861 2004 990 2090; x_wconf 89' lang='lat' dir='ltr'>quando</span> <span class='ocrx_word' id='word_1_159' title='bbox 1004 2003 1179 2068; x_wconf 88' lang='lat' dir='ltr'>attollenda</span> <span class='ocrx_word' id='word_1_160' title='bbox 1195 2007 1245 2072; x_wconf 88' lang='lat' dir='ltr'>vel</span> 
     </span>
     <span class='ocr_line' id='line_1_20' title="bbox 208 2089 1243 2177; baseline 0.003 -24"><span class='ocrx_word' id='word_1_161' title='bbox 208 2092 425 2156; x_wconf 84' lang='lat' dir='ltr'>submittenda</span> <span class='ocrx_word' id='word_1_162' title='bbox 448 2095 484 2156; x_wconf 79' lang='lat' dir='ltr'>stt</span> <span class='ocrx_word' id='word_1_163' title='bbox 506 2117 579 2174; x_wconf 87' lang='lat' dir='ltr'>vox,</span> <span class='ocrx_word' id='word_1_164' title='bbox 626 2091 682 2155; x_wconf 94' lang='lat' dir='ltr'>uid</span> <span class='ocrx_word' id='word_1_165' title='bbox 705 2112 835 2177; x_wconf 88' lang='lat' dir='ltr'>quoque</span> <span class='ocrx_word' id='word_1_166' title='bbox 855 2101 864 2128; x_wconf 80' lang='lat'>³</span> <span class='ocrx_word' id='word_1_167' title='bbox 885 2091 981 2166; x_wconf 83' lang='lat' dir='ltr'>flexu,</span> <span class='ocrx_word' id='word_1_168' title='bbox 1008 2090 1087 2176; x_wconf 92' lang='lat' dir='ltr'>quid</span> <span class='ocrx_word' id='word_1_169' title='bbox 1112 2089 1243 2170; x_wconf 80' lang='lat' dir='ltr'>lentius,</span> 
     </span>
     <span class='ocr_line' id='line_1_21' title="bbox 210 2115 1329 2257; baseline -0.001 -18"><span class='ocrx_word' id='word_1_170' title='bbox 210 2177 358 2257; x_wconf 85' lang='lat' dir='ltr'>celerius,</span> <span class='ocrx_word' id='word_1_171' title='bbox 384 2179 586 2257; x_wconf 79' lang='lat' dir='ltr'>concitatius,</span> <span class='ocrx_word' id='word_1_172' title='bbox 604 2115 715 2240; x_wconf 78' lang='lat' dir='ltr'>ienius</span> <span class='ocrx_word' id='word_1_173' title='bbox 739 2175 924 2256; x_wconf 90' lang='lat' dir='ltr'>dicendum,</span> <span class='ocrx_word' id='word_1_174' title='bbox 948 2173 1164 2254; x_wconf 84' lang='lat' dir='ltr'>demonstrari,</span> <span class='ocrx_word' id='word_1_175' title='bbox 1188 2177 1329 2240; x_wconf 41' lang='lat' dir='ltr'>niti„</span> 
     </span>
    </p>

    <p class='ocr_par' dir='ltr' id='par_1_4' title="bbox 173 2259 1245 2776">
     <span class='ocr_line' id='line_1_22' title="bbox 173 2259 1244 2352; baseline 0 -27"><span class='ocrx_word' id='word_1_176' title='bbox 173 2275 195 2319; x_wconf 87' lang='lat'>2</span> <span class='ocrx_word' id='word_1_177' title='bbox 204 2261 245 2348; x_wconf 82' lang='lat' dir='ltr'>in</span> <span class='ocrx_word' id='word_1_178' title='bbox 260 2285 356 2348; x_wconf 86' lang='lat' dir='ltr'>opere</span> <span class='ocrx_word' id='word_1_179' title='bbox 371 2263 449 2348; x_wconf 87' lang='lat' dir='ltr'>ipso,</span> <span class='ocrx_word' id='word_1_180' title='bbox 465 2286 528 2328; x_wconf 92' lang='lat' dir='ltr'>non</span> <span class='ocrx_word' id='word_1_181' title='bbox 544 2264 655 2352; x_wconf 89' lang='lat' dir='ltr'>potest.</span> <span class='ocrx_word' id='word_1_182' title='bbox 700 2263 812 2324; x_wconf 89' lang='lat' dir='ltr'>Unum</span> <span class='ocrx_word' id='word_1_183' title='bbox 835 2261 876 2322; x_wconf 82' lang='lat' dir='ltr'>eli</span> <span class='ocrx_word' id='word_1_184' title='bbox 892 2259 1004 2346; x_wconf 87' lang='lat' dir='ltr'>igitur,</span> <span class='ocrx_word' id='word_1_185' title='bbox 1026 2261 1113 2346; x_wconf 93' lang='lat' dir='ltr'>quod</span> <span class='ocrx_word' id='word_1_186' title='bbox 1135 2260 1167 2324; x_wconf 91' lang='lat' dir='ltr'>in</span> <span class='ocrx_word' id='word_1_187' title='bbox 1183 2261 1244 2326; x_wconf 88' lang='lat' dir='ltr'>hae</span> 
     </span>
     <span class='ocr_line' id='line_1_23' title="bbox 209 2344 1245 2434; baseline 0.001 -24"><span class='ocrx_word' id='word_1_188' title='bbox 209 2364 299 2433; x_wconf 89' lang='lat' dir='ltr'>parte</span> <span class='ocrx_word' id='word_1_189' title='bbox 314 2345 508 2434; x_wconf 77' lang='lat' dir='ltr'>praecipiam,</span> <span class='ocrx_word' id='word_1_190' title='bbox 518 2364 556 2414; x_wconf 93' lang='lat' dir='ltr'>ut</span> <span class='ocrx_word' id='word_1_191' title='bbox 570 2347 679 2412; x_wconf 88' lang='lat' dir='ltr'>omnia</span> <span class='ocrx_word' id='word_1_192' title='bbox 691 2346 745 2408; x_wconf 83' lang='lat' dir='ltr'>isla</span> <span class='ocrx_word' id='word_1_193' title='bbox 755 2345 858 2408; x_wconf 85' lang='lat' dir='ltr'>facere</span> <span class='ocrx_word' id='word_1_194' title='bbox 873 2345 973 2430; x_wconf 85' lang='lat' dir='ltr'>pollit,</span> <span class='ocrx_word' id='word_1_195' title='bbox 990 2344 1162 2432; x_wconf 86' lang='lat' dir='ltr'>intelligat.</span> <span class='ocrx_word' id='word_1_196' title='bbox 1195 2349 1245 2412; x_wconf 90' lang='lat' dir='ltr'>Sit</span> 
     </span>
     <span class='ocr_line' id='line_1_24' title="bbox 208 2429 1243 2519; baseline 0.003 -24"><span class='ocrx_word' id='word_1_197' title='bbox 208 2446 318 2496; x_wconf 84' lang='lat' dir='ltr'>autem</span> <span class='ocrx_word' id='word_1_198' title='bbox 342 2433 375 2496; x_wconf 92' lang='lat' dir='ltr'>in</span> <span class='ocrx_word' id='word_1_199' title='bbox 391 2434 501 2519; x_wconf 88' lang='lat' dir='ltr'>primis</span> <span class='ocrx_word' id='word_1_200' title='bbox 519 2435 635 2500; x_wconf 76' lang='lat' dir='ltr'>lettiot</span> <span class='ocrx_word' id='word_1_201' title='bbox 651 2431 762 2509; x_wconf 87' lang='lat' dir='ltr'>virilis,</span> <span class='ocrx_word' id='word_1_202' title='bbox 777 2444 810 2494; x_wconf 94' lang='lat' dir='ltr'>et</span> <span class='ocrx_word' id='word_1_203' title='bbox 836 2453 911 2492; x_wconf 91' lang='lat' dir='ltr'>cum</span> <span class='ocrx_word' id='word_1_204' title='bbox 932 2429 1084 2494; x_wconf 87' lang='lat' dir='ltr'>suavitate</span> <span class='ocrx_word' id='word_1_205' title='bbox 1104 2431 1243 2517; x_wconf 89' lang='lat' dir='ltr'>quadam</span> 
     </span>
     <span class='ocr_line' id='line_1_25' title="bbox 205 2515 1245 2604; baseline 0.002 -24"><span class='ocrx_word' id='word_1_206' title='bbox 205 2518 337 2604; x_wconf 82' lang='lat' dir='ltr'>gravis:</span> <span class='ocrx_word' id='word_1_207' title='bbox 361 2534 395 2583; x_wconf 92' lang='lat' dir='ltr'>et</span> <span class='ocrx_word' id='word_1_208' title='bbox 410 2542 474 2582; x_wconf 90' lang='lat' dir='ltr'>uon</span> <span class='ocrx_word' id='word_1_209' title='bbox 493 2520 626 2604; x_wconf 85' lang='lat' dir='ltr'>quidem</span> <span class='ocrx_word' id='word_1_210' title='bbox 646 2515 742 2604; x_wconf 86' lang='lat' dir='ltr'>prosae</span> <span class='ocrx_word' id='word_1_211' title='bbox 758 2515 877 2593; x_wconf 76' lang='lat' dir='ltr'>similis,</span> <span class='ocrx_word' id='word_1_212' title='bbox 893 2515 970 2600; x_wconf 92' lang='lat' dir='ltr'>quia</span> <span class='ocrx_word' id='word_1_213' title='bbox 989 2537 1116 2578; x_wconf 86' lang='lat' dir='ltr'>carmen</span> <span class='ocrx_word' id='word_1_214' title='bbox 1132 2519 1187 2592; x_wconf 88' lang='lat' dir='ltr'>est,</span> <span class='ocrx_word' id='word_1_215' title='bbox 1207 2533 1245 2582; x_wconf 89' lang='lat' dir='ltr'>et</span> 
     </span>
     <span class='ocr_line' id='line_1_26' title="bbox 207 2599 1241 2687; baseline 0 -21"><span class='ocrx_word' id='word_1_216' title='bbox 207 2605 239 2666; x_wconf 87' lang='lat' dir='ltr'>se</span> <span class='ocrx_word' id='word_1_217' title='bbox 255 2617 356 2687; x_wconf 86' lang='lat' dir='ltr'>poetae</span> <span class='ocrx_word' id='word_1_218' title='bbox 370 2626 481 2668; x_wconf 90' lang='lat' dir='ltr'>canere</span> <span class='ocrx_word' id='word_1_219' title='bbox 496 2605 666 2670; x_wconf 88' lang='lat' dir='ltr'>testantur:</span> <span class='ocrx_word' id='word_1_220' title='bbox 691 2623 755 2664; x_wconf 93' lang='lat' dir='ltr'>non</span> <span class='ocrx_word' id='word_1_221' title='bbox 767 2599 918 2664; x_wconf 87' lang='lat' dir='ltr'>tamenin</span> <span class='ocrx_word' id='word_1_222' title='bbox 935 2599 1095 2664; x_wconf 88' lang='lat' dir='ltr'>canticum</span> <span class='ocrx_word' id='word_1_223' title='bbox 1110 2600 1241 2666; x_wconf 86' lang='lat' dir='ltr'>diffolu-</span> 
     </span>
     <span class='ocr_line' id='line_1_27' title="bbox 208 2684 1243 2776; baseline 0.001 -25"><span class='ocrx_word' id='word_1_224' title='bbox 208 2688 290 2768; x_wconf 85' lang='lat' dir='ltr'>luta,</span> <span class='ocrx_word' id='word_1_225' title='bbox 301 2711 359 2753; x_wconf 90' lang='lat' dir='ltr'>nec</span> <span class='ocrx_word' id='word_1_226' title='bbox 374 2689 525 2776; x_wconf 84' lang='lat' dir='ltr'>plasmate</span> <span class='ocrx_word' id='word_1_227' title='bbox 543 2697 593 2776; x_wconf 87' lang='lat' dir='ltr'>(ut</span> <span class='ocrx_word' id='word_1_228' title='bbox 608 2710 693 2752; x_wconf 92' lang='lat' dir='ltr'>nunc</span> <span class='ocrx_word' id='word_1_229' title='bbox 708 2709 727 2750; x_wconf 86' lang='lat' dir='ltr'>a</span> <span class='ocrx_word' id='word_1_230' title='bbox 740 2684 896 2772; x_wconf 87' lang='lat' dir='ltr'>plerisque</span> <span class='ocrx_word' id='word_1_231' title='bbox 911 2685 959 2766; x_wconf 85' lang='lat' dir='ltr'>fit)</span> <span class='ocrx_word' id='word_1_232' title='bbox 978 2685 1177 2752; x_wconf 83' lang='lat' dir='ltr'>effeminata:</span> <span class='ocrx_word' id='word_1_233' title='bbox 1200 2687 1243 2752; x_wconf 81' lang='lat' dir='ltr'>de</span> 
     </span>
    </p>
   </div>
   <div class='ocr_carea' id='block_1_3' title="bbox 206 2872 1242 3068">
    <p class='ocr_par' dir='ltr' id='par_1_5' title="bbox 206 2872 1242 3068">
     <span class='ocr_line' id='line_1_28' title="bbox 241 2872 1242 2950; baseline 0.002 -14"><span class='ocrx_word' id='word_1_234' title='bbox 241 2900 255 2926; x_wconf 83' lang='lat'>¹¹</span> <span class='ocrx_word' id='word_1_235' title='bbox 273 2872 296 2938; x_wconf 80' lang='lat' dir='ltr'>ei</span> <span class='ocrx_word' id='word_1_236' title='bbox 308 2892 340 2939; x_wconf 89' lang='lat' dir='ltr'>G.</span> <span class='ocrx_word' id='word_1_237' title='bbox 404 2895 475 2938; x_wconf 65' lang='lat' dir='ltr'>’ann</span> <span class='ocrx_word' id='word_1_238' title='bbox 489 2892 520 2938; x_wconf 90' lang='lat' dir='ltr'>G.</span> <span class='ocrx_word' id='word_1_239' title='bbox 584 2888 765 2950; x_wconf 59' lang='lat' dir='ltr'>‘fugeruntG</span> <span class='ocrx_word' id='word_1_240' title='bbox 831 2886 1084 2947; x_wconf 68' lang='lat' dir='ltr'>tom.G.bene‚puto.</span> <span class='ocrx_word' id='word_1_241' title='bbox 1150 2894 1242 2938; x_wconf 74' lang='lat' dir='ltr'>&#39;cette</span> 
     </span>
     <span class='ocr_line' id='line_1_29' title="bbox 206 2950 1240 3068; baseline -0.006 -64"><span class='ocrx_word' id='word_1_242' title='bbox 206 2951 291 3068; x_wconf 34' lang='lat' dir='ltr'>ztslkJG·</span> <span class='ocrx_word' id='word_1_243' title='bbox 356 2962 366 2992; x_wconf 78' lang='lat'>⁸</span> <span class='ocrx_word' id='word_1_244' title='bbox 383 2971 431 3018; x_wconf 84' lang='lat' dir='ltr'>quo</span> <span class='ocrx_word' id='word_1_245' title='bbox 443 2957 487 3020; x_wconf 82' lang='lat' dir='ltr'>legi</span> <span class='ocrx_word' id='word_1_246' title='bbox 499 2955 551 3003; x_wconf 81' lang='lat' dir='ltr'>vult</span> <span class='ocrx_word' id='word_1_247' title='bbox 562 2955 653 3017; x_wconf 76' lang='lat' dir='ltr'>Regius.</span> <span class='ocrx_word' id='word_1_248' title='bbox 702 2961 711 2992; x_wconf 79' lang='grc' dir='ltr'>ῐ</span> <span class='ocrx_word' id='word_1_249' title='bbox 728 2950 1000 3031; x_wconf 64' lang='lat' dir='ltr'>poetarumirfitrmdum</span> <span class='ocrx_word' id='word_1_250' title='bbox 1011 2953 1079 3016; x_wconf 73' lang='lat' dir='ltr'>aerfit</span> <span class='ocrx_word' id='word_1_251' title='bbox 1091 2951 1240 3004; x_wconf 80' lang='lat' dir='ltr'>Camerarius.</span> 
     </span>
    </p>
   </div>
   <div class='ocr_carea' id='block_1_4' title="bbox 204 3175 1241 4297">
    <p class='ocr_par' dir='ltr' id='par_1_6' title="bbox 204 3175 1241 3664">
     <span class='ocr_line' id='line_1_30' title="bbox 246 3175 1240 3253; baseline -0.003 -19"><span class='ocrx_word' id='word_1_252' title='bbox 246 3199 288 3246; x_wconf 82' lang='lat'>34.</span> <span class='ocrx_word' id='word_1_253' title='bbox 316 3181 361 3250; x_wconf 77' lang='lat' dir='ltr'>nist</span> <span class='ocrx_word' id='word_1_254' title='bbox 380 3183 444 3252; x_wconf 79' lang='lat' dir='ltr'>quod</span> <span class='ocrx_word' id='word_1_255' title='bbox 461 3181 614 3253; x_wconf 59' lang='lat' dir='ltr'>supernae]</span> <span class='ocrx_word' id='word_1_256' title='bbox 640 3181 698 3231; x_wconf 91' lang='lat' dir='ltr'>Non</span> <span class='ocrx_word' id='word_1_257' title='bbox 739 3175 871 3249; x_wconf 83' lang='lat' dir='ltr'>scientiam</span> <span class='ocrx_word' id='word_1_258' title='bbox 880 3186 903 3228; x_wconf 80' lang='lat' dir='ltr'>et</span> <span class='ocrx_word' id='word_1_259' title='bbox 911 3179 1240 3252; x_wconf 72' lang='lat' dir='ltr'>poetarumenarrationem,</span> 
     </span>
     <span class='ocr_line' id='line_1_31' title="bbox 207 3248 1239 3320; baseline -0.001 -17"><span class='ocrx_word' id='word_1_260' title='bbox 207 3253 257 3304; x_wconf 86' lang='lat' dir='ltr'>lroc</span> <span class='ocrx_word' id='word_1_261' title='bbox 268 3250 332 3312; x_wconf 92' lang='lat' dir='ltr'>vult,</span> <span class='ocrx_word' id='word_1_262' title='bbox 343 3253 538 3305; x_wconf 84' lang='lat' dir='ltr'>noccrediscenti</span> <span class='ocrx_word' id='word_1_263' title='bbox 549 3253 621 3312; x_wconf 86' lang='lat' dir='ltr'>illud,</span> <span class='ocrx_word' id='word_1_264' title='bbox 631 3252 698 3318; x_wconf 93' lang='lat' dir='ltr'>quod</span> <span class='ocrx_word' id='word_1_265' title='bbox 747 3260 771 3298; x_wconf 87' lang='lat' dir='ltr'>et</span> <span class='ocrx_word' id='word_1_266' title='bbox 798 3249 829 3298; x_wconf 88' lang='lat' dir='ltr'>de</span> <span class='ocrx_word' id='word_1_267' title='bbox 853 3249 932 3316; x_wconf 82' lang='lat' dir='ltr'>priore</span> <span class='ocrx_word' id='word_1_268' title='bbox 955 3248 1012 3298; x_wconf 77' lang='lat' dir='ltr'>latis</span> <span class='ocrx_word' id='word_1_269' title='bbox 1036 3249 1131 3300; x_wconf 71' lang='lat' dir='ltr'>ditium</span> <span class='ocrx_word' id='word_1_270' title='bbox 1159 3265 1239 3320; x_wconf 74' lang='lat' dir='ltr'>putet,</span> 
     </span>
     <span class='ocr_line' id='line_1_32' title="bbox 207 3316 1226 3392; baseline 0 -21"><span class='ocrx_word' id='word_1_271' title='bbox 207 3322 387 3392; x_wconf 84' lang='lat' dir='ltr'>supervacuum</span> <span class='ocrx_word' id='word_1_272' title='bbox 405 3323 458 3386; x_wconf 85' lang='lat' dir='ltr'>est;</span> <span class='ocrx_word' id='word_1_273' title='bbox 475 3322 514 3373; x_wconf 84' lang='lat' dir='ltr'>sed</span> <span class='ocrx_word' id='word_1_274' title='bbox 532 3334 606 3391; x_wconf 86' lang='lat' dir='ltr'>negat</span> <span class='ocrx_word' id='word_1_275' title='bbox 624 3319 698 3370; x_wconf 86' lang='lat' dir='ltr'>aliam</span> <span class='ocrx_word' id='word_1_276' title='bbox 747 3333 814 3369; x_wconf 87' lang='lat' dir='ltr'>nunc</span> <span class='ocrx_word' id='word_1_277' title='bbox 826 3318 857 3368; x_wconf 91' lang='lat' dir='ltr'>ad</span> <span class='ocrx_word' id='word_1_278' title='bbox 870 3316 973 3367; x_wconf 76' lang='lat' dir='ltr'>alterum</span> <span class='ocrx_word' id='word_1_279' title='bbox 986 3317 1067 3369; x_wconf 83' lang='lat' dir='ltr'>tranfit</span> <span class='ocrx_word' id='word_1_280' title='bbox 1080 3320 1226 3371; x_wconf 86' lang='lat' dir='ltr'>Grammati</span> 
     </span>
     <span class='ocr_line' id='line_1_33' title="bbox 204 3386 1241 3462; baseline -0.005 -21"><span class='ocrx_word' id='word_1_281' title='bbox 204 3407 298 3442; x_wconf 83' lang='lat' dir='ltr'>noxam</span> <span class='ocrx_word' id='word_1_282' title='bbox 311 3392 368 3443; x_wconf 79' lang='lat' dir='ltr'>inde</span> <span class='ocrx_word' id='word_1_283' title='bbox 378 3391 494 3461; x_wconf 89' lang='lat' dir='ltr'>consequi</span> <span class='ocrx_word' id='word_1_284' title='bbox 512 3405 601 3462; x_wconf 84' lang='lat' dir='ltr'>praeter</span> <span class='ocrx_word' id='word_1_285' title='bbox 619 3390 699 3449; x_wconf 88' lang='lat' dir='ltr'>illam,</span> <span class='ocrx_word' id='word_1_286' title='bbox 748 3390 771 3438; x_wconf 90' lang='lat' dir='ltr'>ci</span> <span class='ocrx_word' id='word_1_287' title='bbox 784 3405 857 3455; x_wconf 81' lang='lat' dir='ltr'>opus,</span> <span class='ocrx_word' id='word_1_288' title='bbox 870 3400 893 3436; x_wconf 84' lang='lat' dir='ltr'>et</span> <span class='ocrx_word' id='word_1_289' title='bbox 906 3386 924 3436; x_wconf 91' lang='lat' dir='ltr'>s.</span> <span class='ocrx_word' id='word_1_290' title='bbox 940 3404 965 3450; x_wconf 82' lang='grc' dir='ltr'>ς.</span> <span class='ocrx_word' id='word_1_291' title='bbox 978 3389 1010 3438; x_wconf 86' lang='lat' dir='ltr'>ab</span> <span class='ocrx_word' id='word_1_292' title='bbox 1023 3389 1132 3439; x_wconf 88' lang='lat' dir='ltr'>Homero</span> <span class='ocrx_word' id='word_1_293' title='bbox 1144 3400 1168 3440; x_wconf 85' lang='lat' dir='ltr'>et</span> <span class='ocrx_word' id='word_1_294' title='bbox 1180 3391 1241 3441; x_wconf 87' lang='lat' dir='ltr'>Vir.</span> 
     </span>
     <span class='ocr_line' id='line_1_34' title="bbox 208 3456 988 3530; baseline -0.006 -19"><span class='ocrx_word' id='word_1_295' title='bbox 208 3462 276 3530; x_wconf 93' lang='lat' dir='ltr'>quod</span> <span class='ocrx_word' id='word_1_296' title='bbox 292 3461 325 3512; x_wconf 85' lang='lat' dir='ltr'>est</span> <span class='ocrx_word' id='word_1_297' title='bbox 345 3461 534 3530; x_wconf 82' lang='lat' dir='ltr'>supervacuum.</span> <span class='ocrx_word' id='word_1_298' title='bbox 571 3459 657 3528; x_wconf 77' lang='lat' dir='ltr'>Vulgo</span> <span class='ocrx_word' id='word_1_299' title='bbox 673 3478 698 3510; x_wconf 90' lang='lat' dir='ltr'>e·</span> <span class='ocrx_word' id='word_1_300' title='bbox 747 3457 810 3524; x_wconf 76' lang='lat' dir='ltr'>gilio</span> <span class='ocrx_word' id='word_1_301' title='bbox 818 3457 890 3520; x_wconf 86' lang='lat' dir='ltr'>jubet</span> <span class='ocrx_word' id='word_1_302' title='bbox 903 3456 988 3524; x_wconf 90' lang='lat' dir='ltr'>incipi.</span> 
     </span>
     <span class='ocr_line' id='line_1_35' title="bbox 208 3523 1237 3601; baseline -0.001 -21"><span class='ocrx_word' id='word_1_303' title='bbox 208 3531 270 3582; x_wconf 88' lang='lat' dir='ltr'>tiam</span> <span class='ocrx_word' id='word_1_304' title='bbox 282 3531 368 3582; x_wconf 81' lang='lat' dir='ltr'>audias</span> <span class='ocrx_word' id='word_1_305' title='bbox 381 3530 453 3592; x_wconf 89' lang='lat' dir='ltr'>illud,</span> <span class='ocrx_word' id='word_1_306' title='bbox 462 3529 590 3601; x_wconf 72' lang='lat' dir='ltr'>staperstw</span> <span class='ocrx_word' id='word_1_307' title='bbox 600 3547 646 3582; x_wconf 79' lang='lat' dir='ltr'>non</span> <span class='ocrx_word' id='word_1_308' title='bbox 657 3547 698 3581; x_wconf 85' lang='lat' dir='ltr'>no·</span> <span class='ocrx_word' id='word_1_309' title='bbox 785 3544 809 3575; x_wconf 87' lang='lat'>2.</span> <span class='ocrx_word' id='word_1_310' title='bbox 819 3525 952 3593; x_wconf 79' lang='lat' dir='ltr'>plasmate]</span> <span class='ocrx_word' id='word_1_311' title='bbox 963 3523 1035 3576; x_wconf 87' lang='lat' dir='ltr'>Nihil</span> <span class='ocrx_word' id='word_1_312' title='bbox 1043 3542 1106 3595; x_wconf 86' lang='lat' dir='ltr'>opus</span> <span class='ocrx_word' id='word_1_313' title='bbox 1118 3524 1162 3578; x_wconf 83' lang='lat' dir='ltr'>esse</span> <span class='ocrx_word' id='word_1_314' title='bbox 1169 3527 1237 3596; x_wconf 81' lang='lat' dir='ltr'>psal·</span> 
     </span>
     <span class='ocr_line' id='line_1_36' title="bbox 206 3594 1239 3664; baseline 0.004 -20"><span class='ocrx_word' id='word_1_315' title='bbox 206 3611 271 3650; x_wconf 79' lang='lat' dir='ltr'>cent,</span> <span class='ocrx_word' id='word_1_316' title='bbox 534 3625 536 3630; x_wconf 95' lang='lat'>·</span> <span class='ocrx_word' id='word_1_317' title='bbox 747 3605 831 3657; x_wconf 79' lang='lat' dir='ltr'>mate3</span> <span class='ocrx_word' id='word_1_318' title='bbox 846 3594 943 3662; x_wconf 74' lang='lat' dir='ltr'>plasma</span> <span class='ocrx_word' id='word_1_319' title='bbox 954 3607 1036 3646; x_wconf 85' lang='lat' dir='ltr'>autem</span> <span class='ocrx_word' id='word_1_320' title='bbox 1057 3594 1163 3663; x_wconf 84' lang='lat' dir='ltr'>intelligi</span> <span class='ocrx_word' id='word_1_321' title='bbox 1176 3597 1239 3664; x_wconf 84' lang='lat' dir='ltr'>posse</span> 
     </span>
    </p>

    <p class='ocr_par' dir='ltr' id='par_1_7' title="bbox 205 3663 1240 4297">
     <span class='ocr_line' id='line_1_37' title="bbox 245 3663 1240 3740; baseline -0.003 -21"><span class='ocrx_word' id='word_1_322' title='bbox 245 3673 270 3730; x_wconf 84' lang='lat'>8,</span> <span class='ocrx_word' id='word_1_323' title='bbox 283 3687 309 3720; x_wconf 85' lang='lat'>2.</span> <span class='ocrx_word' id='word_1_324' title='bbox 328 3668 468 3721; x_wconf 75' lang='lat' dir='ltr'>Sit-leuia</span> <span class='ocrx_word' id='word_1_325' title='bbox 478 3667 576 3734; x_wconf 81' lang='lat' dir='ltr'>virilis]</span> <span class='ocrx_word' id='word_1_326' title='bbox 589 3668 699 3720; x_wconf 88' lang='lat' dir='ltr'>Putabat</span> <span class='ocrx_word' id='word_1_327' title='bbox 748 3683 777 3716; x_wconf 82' lang='lat' dir='ltr'>ex</span> <span class='ocrx_word' id='word_1_328' title='bbox 791 3664 833 3716; x_wconf 78' lang='lat' dir='ltr'>Illo</span> <span class='ocrx_word' id='word_1_329' title='bbox 841 3663 913 3714; x_wconf 77' lang='lat' dir='ltr'>Persii</span> <span class='ocrx_word' id='word_1_330' title='bbox 926 3682 949 3738; x_wconf 83' lang='lat'>¹.’</span> <span class='ocrx_word' id='word_1_331' title='bbox 962 3663 1240 3740; x_wconf 60' lang='lat' dir='ltr'>17.liquitloaeumplas·</span> 
     </span>
     <span class='ocr_line' id='line_1_38' title="bbox 209 3732 1238 3808; baseline -0.003 -19"><span class='ocrx_word' id='word_1_332' title='bbox 209 3740 377 3800; x_wconf 85' lang='lat' dir='ltr'>Camerarius,</span> <span class='ocrx_word' id='word_1_333' title='bbox 395 3755 483 3790; x_wconf 89' lang='lat' dir='ltr'>nomen</span> <span class='ocrx_word' id='word_1_334' title='bbox 504 3739 635 3790; x_wconf 86' lang='lat' dir='ltr'>Poetarum</span> <span class='ocrx_word' id='word_1_335' title='bbox 657 3755 700 3808; x_wconf 87' lang='lat' dir='ltr'>per</span> <span class='ocrx_word' id='word_1_336' title='bbox 748 3742 907 3801; x_wconf 82' lang='lat' dir='ltr'>mataguttur</span> <span class='ocrx_word' id='word_1_337' title='bbox 921 3732 1043 3793; x_wconf 65' lang='lat' dir='ltr'>sullaturit,</span> <span class='ocrx_word' id='word_1_338' title='bbox 1055 3749 1170 3784; x_wconf 84' lang='lat' dir='ltr'>monuere</span> <span class='ocrx_word' id='word_1_339' title='bbox 1191 3738 1238 3788; x_wconf 87' lang='lat' dir='ltr'>viri</span> 
     </span>
     <span class='ocr_line' id='line_1_39' title="bbox 207 3803 1239 3881; baseline 0 -23"><span class='ocrx_word' id='word_1_340' title='bbox 207 3808 366 3859; x_wconf 75' lang='lat' dir='ltr'>llbrariorum</span> <span class='ocrx_word' id='word_1_341' title='bbox 379 3809 501 3860; x_wconf 79' lang='lat' dir='ltr'>incuriam</span> <span class='ocrx_word' id='word_1_342' title='bbox 514 3808 558 3860; x_wconf 79' lang='lat' dir='ltr'>elie</span> <span class='ocrx_word' id='word_1_343' title='bbox 574 3807 697 3860; x_wconf 83' lang='lat' dir='ltr'>omissum.</span> <span class='ocrx_word' id='word_1_344' title='bbox 748 3811 826 3862; x_wconf 75' lang='lat' dir='ltr'>dotti.</span> <span class='ocrx_word' id='word_1_345' title='bbox 849 3805 974 3862; x_wconf 66' lang='lat' dir='ltr'>ilaritate</span> <span class='ocrx_word' id='word_1_346' title='bbox 986 3803 1069 3876; x_wconf 68' lang='lat' dir='ltr'>perir,</span> <span class='ocrx_word' id='word_1_347' title='bbox 1080 3805 1174 3863; x_wconf 70' lang='grc' dir='ltr'>πλάσει</span> <span class='ocrx_word' id='word_1_348' title='bbox 1186 3821 1239 3881; x_wconf 71' lang='grc' dir='ltr'>φυ-</span> 
     </span>
     <span class='ocr_line' id='line_1_40' title="bbox 209 3876 1238 3960; baseline 0.006 -32"><span class='ocrx_word' id='word_1_349' title='bbox 209 3879 255 3958; x_wconf 72' lang='lat' dir='ltr'>sed.</span> <span class='ocrx_word' id='word_1_350' title='bbox 265 3877 404 3960; x_wconf 58' lang='lat' dir='ltr'>pthiilloc</span> <span class='ocrx_word' id='word_1_351' title='bbox 422 3876 539 3948; x_wconf 69' lang='lat' dir='ltr'>inlelllgl,</span> <span class='ocrx_word' id='word_1_352' title='bbox 552 3887 607 3960; x_wconf 64' lang='lat' dir='ltr'>nim</span> <span class='ocrx_word' id='word_1_353' title='bbox 619 3896 649 3928; x_wconf 76' lang='lat' dir='ltr'>CX</span> <span class='ocrx_word' id='word_1_354' title='bbox 661 3895 698 3946; x_wconf 85' lang='lat' dir='ltr'>lp</span> <span class='ocrx_word' id='word_1_355' title='bbox 750 3888 796 3949; x_wconf 60' lang='grc' dir='ltr'>,ἦς’</span> <span class='ocrx_word' id='word_1_356' title='bbox 817 3881 890 3958; x_wconf 52' lang='lat' dir='ltr'>Pupi„</span> <span class='ocrx_word' id='word_1_357' title='bbox 913 3882 1036 3952; x_wconf 62' lang='grc' dir='ltr'>ἅπλαςω,</span> <span class='ocrx_word' id='word_1_358' title='bbox 1050 3905 1073 3943; x_wconf 68' lang='lat' dir='ltr'>et</span> <span class='ocrx_word' id='word_1_359' title='bbox 1090 3884 1170 3958; x_wconf 48' lang='grc' dir='ltr'>φωνὴ</span> <span class='ocrx_word' id='word_1_360' title='bbox 1192 3913 1238 3946; x_wconf 68' lang='lat' dir='ltr'>ffl-</span> 
     </span>
     <span class='ocr_line' id='line_1_41' title="bbox 207 3946 1237 4034; baseline 0.004 -37"><span class='ocrx_word' id='word_1_361' title='bbox 207 3947 232 4028; x_wconf 62' lang='grc' dir='ltr'>ζει</span> <span class='ocrx_word' id='word_1_362' title='bbox 250 3947 318 4028; x_wconf 71' lang='lat' dir='ltr'>illiue</span> <span class='ocrx_word' id='word_1_363' title='bbox 337 3959 419 4030; x_wconf 73' lang='lat' dir='ltr'>aetatis</span> <span class='ocrx_word' id='word_1_364' title='bbox 439 3946 623 4008; x_wconf 79' lang='lat' dir='ltr'>consuetudine,</span> <span class='ocrx_word' id='word_1_365' title='bbox 642 3963 700 4014; x_wconf 81' lang='lat' dir='ltr'>quae</span> <span class='ocrx_word' id='word_1_366' title='bbox 749 3971 992 4034; x_wconf 53' lang='lat' dir='ltr'>qugmmuqt</span> <span class='ocrx_word' id='word_1_367' title='bbox 1013 3976 1043 4025; x_wconf 68' lang='lat' dir='ltr'>ad</span> <span class='ocrx_word' id='word_1_368' title='bbox 1062 3974 1168 4026; x_wconf 61' lang='lat' dir='ltr'>persmm</span> <span class='ocrx_word' id='word_1_369' title='bbox 1187 3978 1237 4029; x_wconf 49' lang='lat' dir='ltr'>Ca·</span> 
     </span>
     <span class='ocr_line' id='line_1_42' title="bbox 208 4027 871 4094; baseline 0.005 -28"><span class='ocrx_word' id='word_1_370' title='bbox 208 4035 233 4066; x_wconf 91' lang='lat' dir='ltr'>m</span> <span class='ocrx_word' id='word_1_371' title='bbox 246 4028 324 4085; x_wconf 80' lang='lat' dir='ltr'>poetis</span> <span class='ocrx_word' id='word_1_372' title='bbox 337 4033 442 4086; x_wconf 80' lang='lat' dir='ltr'>primam</span> <span class='ocrx_word' id='word_1_373' title='bbox 451 4027 549 4069; x_wconf 81' lang='lat' dir='ltr'>aelatem</span> <span class='ocrx_word' id='word_1_374' title='bbox 562 4031 697 4084; x_wconf 76' lang='lat' dir='ltr'>exerceret3</span> <span class='ocrx_word' id='word_1_375' title='bbox 748 4042 871 4094; x_wconf 60' lang='lat' dir='ltr'>sanbonus</span> 
     </span>
     <span class='ocr_line' id='line_1_43' title="bbox 207 4077 894 4164; baseline 0.001 -29"><span class='ocrx_word' id='word_1_376' title='bbox 207 4098 262 4136; x_wconf 88' lang='lat' dir='ltr'>tum</span> <span class='ocrx_word' id='word_1_377' title='bbox 279 4105 309 4137; x_wconf 85' lang='lat' dir='ltr'>ex</span> <span class='ocrx_word' id='word_1_378' title='bbox 326 4087 408 4138; x_wconf 82' lang='lat' dir='ltr'>verbis</span> <span class='ocrx_word' id='word_1_379' title='bbox 427 4087 510 4149; x_wconf 87' lang='lat' dir='ltr'>Fabii,</span> <span class='ocrx_word' id='word_1_380' title='bbox 522 4088 567 4156; x_wconf 93' lang='lat' dir='ltr'>qui</span> <span class='ocrx_word' id='word_1_381' title='bbox 585 4087 610 4138; x_wconf 93' lang='lat' dir='ltr'>su</span> <span class='ocrx_word' id='word_1_382' title='bbox 630 4104 693 4148; x_wconf 84' lang='lat' dir='ltr'>rar,</span> <span class='ocrx_word' id='word_1_383' title='bbox 744 4111 833 4164; x_wconf 60' lang='lat' dir='ltr'>adserit</span> <span class='ocrx_word' id='word_1_384' title='bbox 865 4077 894 4164; x_wconf 64' lang='grc' dir='ltr'>Ᾰ</span> 
     </span>
     <span class='ocr_line' id='line_1_44' title="bbox 205 4106 844 4216; baseline 0.006 -11"><span class='ocrx_word' id='word_1_385' title='bbox 205 4173 233 4216; x_wconf 87' lang='lat'>4,</span> <span class='ocrx_word' id='word_1_386' title='bbox 254 4173 278 4207; x_wconf 91' lang='lat'>1.</span> <span class='ocrx_word' id='word_1_387' title='bbox 300 4167 381 4206; x_wconf 87' lang='lat' dir='ltr'>totum</span> <span class='ocrx_word' id='word_1_388' title='bbox 399 4156 566 4208; x_wconf 86' lang='lat' dir='ltr'>Grammatici</span> <span class='ocrx_word' id='word_1_389' title='bbox 585 4106 694 4208; x_wconf 86' lang='lat' dir='ltr'>cilicium</span> <span class='ocrx_word' id='word_1_390' title='bbox 837 4149 844 4163; x_wconf 72' lang='lat'>⁸</span> 
     </span>
     <span class='ocr_line' id='line_1_45' title="bbox 205 4224 697 4297; baseline 0.004 -21"><span class='ocrx_word' id='word_1_391' title='bbox 205 4241 265 4276; x_wconf 83' lang='lat' dir='ltr'>aum</span> <span class='ocrx_word' id='word_1_392' title='bbox 285 4225 436 4280; x_wconf 80' lang='lat' dir='ltr'>distribuerit</span> <span class='ocrx_word' id='word_1_393' title='bbox 456 4227 483 4280; x_wconf 88' lang='lat' dir='ltr'>in</span> <span class='ocrx_word' id='word_1_394' title='bbox 504 4229 570 4280; x_wconf 71' lang='lat' dir='ltr'>retia</span> <span class='ocrx_word' id='word_1_395' title='bbox 588 4224 697 4297; x_wconf 81' lang='lat' dir='ltr'>loquendi</span> 
     </span>
    </p>
   </div>
   <div class='ocr_carea' id='block_1_5' title="bbox 894 4042 1239 4177">
    <p class='ocr_par' dir='ltr' id='par_1_8' title="bbox 894 4042 1239 4177">
     <span class='ocr_line' id='line_1_46' title="bbox 894 4042 1239 4163; baseline 0.023 -71"><span class='ocrx_word' id='word_1_396' title='bbox 894 4043 939 4163; x_wconf 73' lang='lat' dir='ltr'>qui</span> <span class='ocrx_word' id='word_1_397' title='bbox 951 4055 976 4124; x_wconf 69' lang='lat' dir='ltr'>et</span> <span class='ocrx_word' id='word_1_398' title='bbox 994 4045 1042 4112; x_wconf 88' lang='lat' dir='ltr'>ipse</span> <span class='ocrx_word' id='word_1_399' title='bbox 1051 4042 1146 4112; x_wconf 82' lang='lat' dir='ltr'>plasma</span> <span class='ocrx_word' id='word_1_400' title='bbox 1158 4047 1239 4100; x_wconf 83' lang='lat' dir='ltr'>Fabio</span> 
     </span>
     <span class='ocr_line' id='line_1_47' title="bbox 912 4111 1149 4177; baseline 0.013 -14"><span class='ocrx_word' id='word_1_401' title='bbox 912 4113 938 4164; x_wconf 89' lang='lat' dir='ltr'>d.</span> <span class='ocrx_word' id='word_1_402' title='bbox 952 4111 1017 4165; x_wconf 79' lang='lat' dir='ltr'>iufra</span> <span class='ocrx_word' id='word_1_403' title='bbox 1033 4131 1056 4175; x_wconf 86' lang='lat' dir='ltr'>r,</span> <span class='ocrx_word' id='word_1_404' title='bbox 1068 4132 1109 4177; x_wconf 87' lang='lat'>11,</span> <span class='ocrx_word' id='word_1_405' title='bbox 1121 4117 1149 4167; x_wconf 75' lang='lat'>6.</span> 
     </span>
    </p>
   </div>
   <div class='ocr_carea' id='block_1_6' title="bbox 0 0 1516 4920">
    <p class='ocr_par' dir='ltr' id='par_1_9' title="bbox 0 0 1516 4920">
     <span class='ocr_line' id='line_1_48' title="bbox 0 0 1516 4920; baseline 0 4"><span class='ocrx_word' id='word_1_406' title='bbox 0 0 1516 4920; x_wconf 95' lang='lat' dir='ltr'> </span> 
     </span>
    </p>
   </div>
  </div>
 </body>
</html>
