2938 4910
403 423 577 486 rnsrrr.
599 423 809 502 onaron,
829 422 910 483 nra.
932 423 1002 484 vn
1026 442 1053 483 2.
1180 437 1241 500 413

214 587 259 654 tis
273 587 454 678 coiiigetur.
500 587 804 676 Superest'tertium,¹
820 587 853 650 in
876 609 942 673 quo
950 588 1074 674 satiram
1094 586 1155 652 esse
1168 611 1250 652 con-

218 678 276 740 ssat
292 675 411 762 aliquid
421 683 431 738 ἰ
455 701 475 738 o
490 699 545 761 quo
557 674 762 760 stifatium?
784 674 948 760 quaeritur.
992 673 1068 759 Ejus
1083 673 1128 736 rei
1142 674 1250 758 super-

125 814 127 820 .
163 797 165 802 ·
217 763 422 824 vacuunrsest
447 781 564 846 ponere
583 760 784 856 exemplum,
801 781 876 821 cum
898 757 1037 844 plurima
1059 759 1117 820 fiot
1142 759 1252 844 hujuss

179 843 181 848 ¹
217 847 308 910 modi
327 846 470 932 judicia:
493 858 543 923 ut,
559 847 594 930 fi
616 846 756 908 hommem
783 845 900 930 occisam
926 843 979 928 effe
1002 843 1185 928 manifestam
1202 844 1250 928 est,

218 931 268 994 vel
277 931 476 1018 sacrilegiam
491 927 684 1014 commistum:
708 930 736 994 is
757 943 878 1007 autem,
892 929 948 1014 qui
972 929 1117 1014 arguitur
1137 927 1252 1008 fecisse,

218 1029 328 1104 neget.
373 1017 445 1079 Ex*
460 1013 675 1080 hoc'nascitur
693 1011 919 1096 ἀντι-κατηγορία.
964 1015 1088 1100 Utique
1107 1014 1169 1077 boc
1185 1014 1252 1078 fac-

164 1113 288 1201 19tum
304 1101 364 1164 esse
380 1101 541 1180 convenit,
558 1101 645 1186 quod
666 1099 731 1164 duo
752 1097 888 1162 invicem
912 1097 1081 1186 objiciunt.
1127 1101 1164 1162 In
1183 1123 1254 1248 pao

216 1187 349 1274 quidem
366 1208 483 1272 genere
497 1185 668 1250 caussarum
685 1185 837 1249 admonet
851 1181 971 1260 Celsus,
987 1184 1053 1247 fieri
1075 1183 1107 1247 id
1128 1184 1160 1247 in
1196 1197 1259 1250 oro¹

218 1295 284 1335 non
306 1271 408 1358 posse:
441 1271 529 1357 quod
555 1273 715 1336 neminem
741 1271 887 1358 ignorare
916 1270 1060 1332 arbitror.
1105 1271 1156 1334 De
1186 1293 1252 1336 uno

218 1357 330 1420 enimz
354 1379 409 1419 reo
430 1357 594 1420 consilium
612 1356 780 1444 cogitur²t
806 1353 887 1432 et,sr
914 1353 1076 1450 quisunt,
1092 1355 1149 1440 qui
1169 1355 1253 1418 invi·

219 1463 291 1506 cem
324 1441 482 1520 accusant,
513 1441 647 1504 alterum
671 1439 830 1528 judicium
862 1441 1023 1524 proierreb
1051 1440 1170 1503 necesse
1199 1444 1252 1506 est.

167 1557 209 1608 20
221 1526 438 1611 Apollodorus
453 1549 583 1614 quoque
597 1523 829 1606 α’νὴκατηγορὶαν
848 1525 928 1588 duas
950 1525 1010 1588 esse
1031 1525 1255 1590 controverfias

221 1611 322 1674 dixit:
353 1621 410 1674 etc
433 1613 505 1674 sunt
528 1633 635 1675 revera
660 1609 833 1676 secundum
856 1609 977 1694 sorense
994 1609 1052 1697 jus
1073 1611 1145 1674 duae
1167 1609 1276 1675 litent·

113 1748 122 1761 .
222 1694 323 1760 Potest
339 1709 447 1766 tamen
463 1698 526 1762 hoc
547 1766 549 1770 ,
567 1719 645 1760 enus
665 1697 698 1759 in
722 1693 962 1782 cognitionemd
987 1697 1094 1758 venire
1117 1696 1256 1782 senatus,

222 1795 278 1846 aut
293 1782 457 1868 principis,
503 1721 565 1846 sei
583 1783 614 1845 in
634 1781 761 1868 judicio
776 1802 904 1865 quoque
919 1780 998 1843 nibil
1015 1781 1137 1854 interest
1154 1783 1254 1846 aetio-

221 1889 313 1946 nunt,
339 1883 446 1932 utrum
471 1868 562 1932 finrul
588 1867 628 1931 de
651 1879 787 1952 utroque
810 1867 1043 1950 pronuntietur,
1064 1889 1103 1928 an
1127 1867 1167 1930 de
1190 1889 1255 1930 uno

169 1951 369 2032 21seorsum.
416 1954 492 2016 Quo
507 1955 539 2016 in
555 1975 673 2040 genere
688 1953 812 2036 scnrper-
823 1951 909 2035 prior
921 1951 1052 2014 debebit
1064 1953 1125 2014 esse
1141 1953 1255 2015 desen·-

224 2037 287 2100 sro:
322 2039 476 2122 primum,
490 2039 566 2123 quia
590 2051 701 2101 natura
724 2037 829 2122 potior
853 2038 895 2098 est
918 2035 998 2099 salus
1021 2037 1132 2116 nostra,
1159 2050 1257 2124 quam

223 2123 587 2208 adversarii'pernicies:
622 2122 749 2200 deinde,
774 2119 883 2208 quode
910 2123 983 2208 plus
1009 2121 1198 2186 habebimus
1221 2125 1256 2187 in
1339 2148 1343 2165 ·

163 2270 165 2282 ,
222 2209 420 2272 accusatione
436 2206 646 2288 arrstoritatiS,
663 2208 681 2270 fi
701 2208 793 2293 prius
811 2205 851 2269 de
867 2207 1047 2271 innocentia
1061 2209 1162 2270 nostra
1175 2229 1256 2272 con-

224 2293 354 2356 stiterit:
387 2293 555 2380 postremo,
577 2293 664 2381 quod
686 2293 731 2356 ita
754 2292 884 2355 demum
905 2293 1023 2379 duplex
1048 2293 1147 2359 caussa
1173 2295 1253 2357 erit':

224 2400 312 2455 nam,
353 2379 386 2440 ui
402 2379 491 2456 dicit,
508 2381 577 2464 Ego
592 2404 650 2442 aon
665 2377 763 2453 occidi,
777 2377 875 2439 habet
893 2377 1047 2472 reliquam
1070 2393 1204 2462 partem,
1220 2395 1257 2442 ut

224 2461 321 2540 dicat,
364 2489 384 2526 a
397 2463 541 2547 occidssr':
564 2477 597 2526 at
607 2468 627 2540 s,
642 2463 698 2549 qui
715 2461 804 2538 dicit,
822 2462 868 2524 Tu
881 2461 1015 2547 occidstr',
1030 2461 1257 2548 supervacuum

110 2585 112 2594 ι
170 2546 323 2628 22habet
345 2549 449 2633 postea
471 2547 588 2628 dicere,
606 2549 675 2634 Ego
699 2571 756 2610 non
770 2545 870 2609 occasi.
915 2548 976 2609 Hae
998 2569 1091 2633 porro
1116 2547 1256 2612 amores

226 2632 368 2702 constant
382 2633 616 2719 comparatione:
639 2631 705 2719 ipsa
720 2631 913 2717 comparatio
936 2653 999 2695 uon
1015 2655 1078 2695 una
1092 2633 1142 2695 via
1161 2633 1238 2710 duci

224 2731 291 2780 tur.
335 2717 404 2780 Aut
418 2718 502 2782 enirn
520 2731 619 2781 totam
638 2717 772 2781 causs'am
788 2717 943 2780 nostram&
961 2739 1040 2780 cum
1063 2731 1131 2780 tota
1144 2717 1255 2782 adrei-

225 2801 411 2884 sariilcaussa
424 2803 659 2888 componimuS,
675 2815 731 2882 aut
745 2801 865 2888 singula
886 2813 1077 2887 argumenta
1099 2825 1171 2868 cunr
1195 2805 1256 2868 sm*

226 2887 336 2984 gulis:
369 2909 504 2986 quorum
527 2901 635 2952 utrum
662 2889 698 2952 srt
717 2885 911 2965 faciendum,
929 2909 992 2950 uon
1015 2889 1127 2974 potest,
1143 2889 1196 2952 nisr
1216 2911 1257 2954 ex

226 2973 320 3057 rpsrus
334 2971 400 3035 lius
417 2973 565 3051 utilitate,
579 2973 750 3061 cognosci:
774 2985 811 3034 ut
833 2969 946 3034 Cicero
967 2971 1088 3058 singula
1110 2995 1168 3058 pro
1190 2977 1257 3038 Va-

226 3079 304 3122 reno
319 3071 482 3142 comparat
495 3058 527 3120 in
543 3057 647 3144 primo
662 3055 816 3122 crimine:
840 3057 882 3120 est
897 3057 981 3120 eninr
998 3059 1145 3144 superior,
1161 3065 1258 3124 curn⁴¹

225 3143 356 3228 persona
379 3143 474 3206 alieni
500 3165 575 3208 oum
598 3144 728 3230 persona
749 3142 859 3205 matris
883 3156 1002 3206 temere
1019 3141 1257 3230 comparetur&

226 3229 337 3294 Quare
358 3230 517 3314 optimum
539 3229 592 3309 est,
608 3230 628 3292 fi
645 3228 711 3292 fieri
725 3227 853 3312 poterit,
869 3242 905 3290 ut
919 3225 1041 3314 singula
1056 3229 1221 3295 vincantur
1239 3223 1260 3296 a

227 3313 377 3398 fingatis:
409 3315 475 3394 sed,
497 3316 516 3380 fi
541 3313 670 3400 quando
693 3313 726 3378 in
749 3313 890 3396 partibus
912 3313 1128 3378 laborabimus
1142 3316 1167 3396 ¹²,
1184 3319 1256 3380 uni-

175 3431 213 3501 23
228 3401 369 3462 versitate
391 3399 601 3486 pugnandum
624 3401 678 3463 est.
724 3398 819 3461 lSive
841 3399 977 3462 invicem
999 3402 1165 3478 accusant}
1198 3403 1259 3466 sive

229 3482 348 3547 crimen
372 3505 444 3546 reus
466 3484 544 3548 citra
565 3484 795 3549 accusationem
817 3483 849 3546 in
870 3485 1078 3548 adversarium
1100 3485 1205 3564 vertit,
1222 3502 1270 3550 ut.

228 3568 361 3632 Roscius
388 3569 420 3630 in
444 3571 640 3634 accusatores
665 3571 747 3649 suos,
763 3571 910 3654 quamvis
932 3592 1003 3634 reos
1027 3585 1090 3632 non
1118 3569 1258 3650 fecisset,

126 3652 128 3660 ’
228 3653 337 3718 srve'in
353 3653 445 3740 ipsos,
462 3677 543 3742 quos
558 3657 611 3718 sua
625 3677 722 3718 manu
744 3653 865 3740 periisse
886 3654 1181 3734 dicenruo,saeiu1n
1201 3658 1259 3722 de·

263 3865 275 3894 ¹
293 3857 323 3906 Et
334 3860 388 3906 haec
400 3859 431 3906 G.
513 3865 524 3890 ²
542 3877 584 3908 arn.
596 3861 629 3908 G.
638 3861 701 3908 Jens.
782 3863 793 3884 ²
812 3862 885 3908 etiam
896 3861 937 3923 irff.
950 3860 990 3907 tid.
1071 3858 1082 3890 ¹²
1102 3863 1208 3922 praserre
1221 3864 1261 3913 tid.

227 3929 240 3954 ²
259 3940 301 3970 om.
312 3924 345 3970 G.
421 3925 432 3956 ἅ
451 3925 622 3986 cogitationem
634 3927 664 3974 G.
677 3924 742 3972 mal.
819 3931 828 3954 θ
848 3926 905 3986 quia
916 3925 947 3972 G.
1021 3923 1031 3984 f
1046 3928 1208 3974 art-occidisti
1220 3947 1263 3978 oar.

228 3988 262 4033 G.
272 3988 335 4036 Jens.
348 3987 439 4050 erplur.
523 3998 534 4026 ὅ
552 3993 652 4038 vestram
664 3991 726 4038 Jens.
808 3989 820 4020 h
840 4007 880 4038 om.
893 3989 924 4038 id.
1015 3985 1021 4020 ¹
1041 4003 1217 4053 compararetur
1228 3989 1261 4042 tt.

228 4049 243 4086 Β
260 4050 397 4107 laboramus
406 4054 439 4102 G.
515 4053 521 4083 ¹
541 4054 575 4102 Ut
586 4055 626 4118 r'rfi
637 4057 668 4102 G.
686 4051 750 4104 Forte
759 4054 801 4104 At.
1230 4049 1235 4060 '

217 4185 219 4194 i
266 4233 309 4267 22.
326 4216 431 4286 estem'm
433 4217 559 4288 superior]
576 4220 638 4270 Haec
647 4217 721 4289 plane
768 4237 819 4272 uon
836 4222 912 4276 exstat
931 4221 975 4276 itta
995 4237 1040 4292 pro
1063 4224 1160 4276 Vareno
1177 4225 1263 4283 Tullii

213 4284 338 4357 ‘intelligi
354 4287 488 4362 nonposse
505 4290 625 4344 arbitron
652 4289 720 4359 quod
768 4291 858 4346 oratio.
1239 4331 1241 4339 ·
