<?xml version="1.0" encoding="UTF-8"?>
<!DOCTYPE html PUBLIC "-//W3C//DTD XHTML 1.0 Transitional//EN"
    "http://www.w3.org/TR/xhtml1/DTD/xhtml1-transitional.dtd">
<html xmlns="http://www.w3.org/1999/xhtml" xml:lang="en" lang="en">
 <head>
  <title>
</title>
<meta http-equiv="Content-Type" content="text/html;charset=utf-8" />
  <meta name='ocr-system' content='tesseract 3.04.00' />
  <meta name='ocr-capabilities' content='ocr_page ocr_carea ocr_par ocr_line ocrx_word'/>
</head>
<body>
  <div class='ocr_page' id='page_1' title='image "./mfabiiquinctili00quingoog_0069.png"; bbox 0 0 2870 4916; ppageno 0'>
   <div class='ocr_carea' id='block_1_1' title="bbox 303 357 1150 438">
    <p class='ocr_par' dir='ltr' id='par_1_1' title="bbox 303 357 1150 438">
     <span class='ocr_line' id='line_1_1' title="bbox 303 357 1150 438; baseline -0.005 -16"><span class='ocrx_word' id='word_1_1' title='bbox 303 364 489 428; x_wconf 72' lang='lat' dir='ltr'>‚mem</span> <span class='ocrx_word' id='word_1_2' title='bbox 511 361 719 424; x_wconf 81' lang='lat' dir='ltr'>ORATOR.</span> <span class='ocrx_word' id='word_1_3' title='bbox 740 361 824 422; x_wconf 89' lang='lat' dir='ltr'>LlB.</span> <span class='ocrx_word' id='word_1_4' title='bbox 845 361 869 420; x_wconf 93' lang='lat'>1.</span> <span class='ocrx_word' id='word_1_5' title='bbox 884 371 920 420; x_wconf 62' lang='lat' dir='ltr'>d.</span> <span class='ocrx_word' id='word_1_6' title='bbox 1084 357 1150 438; x_wconf 65' lang='lat'>&#39;15&#39;</span> 
     </span>
    </p>
   </div>
   <div class='ocr_carea' id='block_1_2' title="bbox 37 522 1319 3862">
    <p class='ocr_par' dir='ltr' id='par_1_2' title="bbox 56 522 1237 1132">
     <span class='ocr_line' id='line_1_2' title="bbox 56 522 1154 622; baseline -0.011 -22"><span class='ocrx_word' id='word_1_7' title='bbox 56 529 269 622; x_wconf 82' lang='lat' dir='ltr'>36honestum</span> <span class='ocrx_word' id='word_1_8' title='bbox 287 529 412 620; x_wconf 88' lang='lat' dir='ltr'>aliquid</span> <span class='ocrx_word' id='word_1_9' title='bbox 426 541 627 596; x_wconf 81' lang='lat' dir='ltr'>monentes⁸.</span> <span class='ocrx_word' id='word_1_10' title='bbox 670 524 872 612; x_wconf 77' lang='lat' dir='ltr'>Prosequitur</span> <span class='ocrx_word' id='word_1_11' title='bbox 892 522 963 590; x_wconf 82' lang='lat' dir='ltr'>haec</span> <span class='ocrx_word' id='word_1_12' title='bbox 984 523 1154 588; x_wconf 76' lang='lat' dir='ltr'>memorie-</span> 
     </span>
     <span class='ocr_line' id='line_1_3' title="bbox 102 609 1138 697; baseline -0.008 -15"><span class='ocrx_word' id='word_1_13' title='bbox 102 618 131 682; x_wconf 90' lang='lat' dir='ltr'>in</span> <span class='ocrx_word' id='word_1_14' title='bbox 152 615 369 695; x_wconf 71' lang='lat' dir='ltr'>senectutem,</span> <span class='ocrx_word' id='word_1_15' title='bbox 385 628 419 682; x_wconf 90' lang='lat' dir='ltr'>et</span> <span class='ocrx_word' id='word_1_16' title='bbox 444 616 488 679; x_wconf 90' lang='lat' dir='ltr'>im</span> <span class='ocrx_word' id='word_1_17' title='bbox 513 615 590 678; x_wconf 83' lang='lat' dir='ltr'>resse</span> <span class='ocrx_word' id='word_1_18' title='bbox 613 612 720 678; x_wconf 84' lang='lat' dir='ltr'>animo</span> <span class='ocrx_word' id='word_1_19' title='bbox 743 611 827 691; x_wconf 89' lang='lat' dir='ltr'>rudi,</span> <span class='ocrx_word' id='word_1_20' title='bbox 842 610 941 697; x_wconf 89' lang='lat' dir='ltr'>usque</span> <span class='ocrx_word' id='word_1_21' title='bbox 965 609 1006 672; x_wconf 86' lang='lat' dir='ltr'>ad</span> <span class='ocrx_word' id='word_1_22' title='bbox 1032 631 1138 674; x_wconf 86' lang='lat' dir='ltr'>mores</span> 
     </span>
     <span class='ocr_line' id='line_1_4' title="bbox 100 694 1216 788; baseline -0.006 -22"><span class='ocrx_word' id='word_1_23' title='bbox 100 703 254 788; x_wconf 86' lang='lat' dir='ltr'>proficiet.</span> <span class='ocrx_word' id='word_1_24' title='bbox 304 702 413 772; x_wconf 84' lang='lat' dir='ltr'>Etiam</span> <span class='ocrx_word' id='word_1_25' title='bbox 442 701 475 765; x_wconf 94' lang='lat' dir='ltr'>di</span> <span class='ocrx_word' id='word_1_26' title='bbox 552 699 708 764; x_wconf 83' lang='lat' dir='ltr'>clerorum</span> <span class='ocrx_word' id='word_1_27' title='bbox 738 697 892 774; x_wconf 83' lang='lat' dir='ltr'>virorum,</span> <span class='ocrx_word' id='word_1_28' title='bbox 917 707 952 760; x_wconf 86' lang='lat' dir='ltr'>et</span> <span class='ocrx_word' id='word_1_29' title='bbox 979 694 1182 774; x_wconf 48' lang='lat' dir='ltr'>ebriosum-</span> <span class='ocrx_word' id='word_1_30' title='bbox 1198 725 1216 736; x_wconf 84' lang='lat'>··</span> 
     </span>
     <span class='ocr_line' id='line_1_5' title="bbox 100 781 1143 874; baseline -0.005 -23"><span class='ocrx_word' id='word_1_31' title='bbox 100 810 137 852; x_wconf 84' lang='lat' dir='ltr'>ex</span> <span class='ocrx_word' id='word_1_32' title='bbox 150 787 257 874; x_wconf 84' lang='lat' dir='ltr'>poetis</span> <span class='ocrx_word' id='word_1_33' title='bbox 272 787 416 852; x_wconf 80' lang='lat' dir='ltr'><strong>maxime</strong></span> <span class='ocrx_word' id='word_1_34' title='bbox 433 789 587 873; x_wconf 84' lang='lat' dir='ltr'>(nemque</span> <span class='ocrx_word' id='word_1_35' title='bbox 602 805 715 848; x_wconf 89' lang='lat' dir='ltr'>eorum</span> <span class='ocrx_word' id='word_1_36' title='bbox 728 781 831 868; x_wconf 86' lang='lat' dir='ltr'>parvis</span> <span class='ocrx_word' id='word_1_37' title='bbox 853 781 999 868; x_wconf 84' lang='lat' dir='ltr'>cognitio</span> <span class='ocrx_word' id='word_1_38' title='bbox 1020 782 1143 867; x_wconf 84' lang='lat' dir='ltr'>gratior</span> 
     </span>
     <span class='ocr_line' id='line_1_6' title="bbox 101 867 1141 958; baseline -0.002 -22"><span class='ocrx_word' id='word_1_39' title='bbox 101 875 156 958; x_wconf 77' lang='lat' dir='ltr'>esi)</span> <span class='ocrx_word' id='word_1_40' title='bbox 177 873 294 938; x_wconf 79' lang='lat' dir='ltr'>locos‘</span> <span class='ocrx_word' id='word_1_41' title='bbox 318 871 455 936; x_wconf 82' lang='lat' dir='ltr'><strong>ediscere</strong></span> <span class='ocrx_word' id='word_1_42' title='bbox 479 871 562 935; x_wconf 87' lang='lat' dir='ltr'>inter</span> <span class='ocrx_word' id='word_1_43' title='bbox 582 869 687 934; x_wconf 90' lang='lat' dir='ltr'>lusum</span> <span class='ocrx_word' id='word_1_44' title='bbox 707 867 795 932; x_wconf 88' lang='lat' dir='ltr'>licet.</span> <span class='ocrx_word' id='word_1_45' title='bbox 839 867 926 930; x_wconf 82' lang='lat' dir='ltr'>Nam</span> <span class='ocrx_word' id='word_1_46' title='bbox 947 879 980 932; x_wconf 89' lang='lat' dir='ltr'>et</span> <span class='ocrx_word' id='word_1_47' title='bbox 1002 868 1141 934; x_wconf 79' lang='lat' dir='ltr'><strong>maxime</strong></span> 
     </span>
     <span class='ocr_line' id='line_1_7' title="bbox 102 951 1237 1039; baseline -0.003 -19"><span class='ocrx_word' id='word_1_48' title='bbox 102 957 274 1024; x_wconf 82' lang='lat' dir='ltr'>necessaria</span> <span class='ocrx_word' id='word_1_49' title='bbox 287 959 333 1022; x_wconf 85' lang='lat' dir='ltr'>est</span> <span class='ocrx_word' id='word_1_50' title='bbox 346 955 463 1022; x_wconf 83' lang='lat' dir='ltr'>oratori</span> <span class='ocrx_word' id='word_1_51' title='bbox 481 957 574 1039; x_wconf 86' lang='lat' dir='ltr'>(ficut</span> <span class='ocrx_word' id='word_1_52' title='bbox 594 955 651 1020; x_wconf 90' lang='lat' dir='ltr'>suo</span> <span class='ocrx_word' id='word_1_53' title='bbox 671 952 745 1018; x_wconf 90' lang='lat' dir='ltr'>loco</span> <span class='ocrx_word' id='word_1_54' title='bbox 766 953 885 1032; x_wconf 85' lang='lat' dir='ltr'>dicam)</span> <span class='ocrx_word' id='word_1_55' title='bbox 909 951 1084 1018; x_wconf 83' lang='lat' dir='ltr'>memoria:</span> <span class='ocrx_word' id='word_1_56' title='bbox 1108 967 1144 1018; x_wconf 88' lang='lat' dir='ltr'>et</span> <span class='ocrx_word' id='word_1_57' title='bbox 1156 989 1237 999; x_wconf 44' lang='lat' dir='ltr'>»ss-</span> 
     </span>
     <span class='ocr_line' id='line_1_8' title="bbox 105 1038 1142 1132; baseline -0.003 -27"><span class='ocrx_word' id='word_1_58' title='bbox 105 1065 140 1106; x_wconf 84' lang='lat' dir='ltr'>ee</span> <span class='ocrx_word' id='word_1_59' title='bbox 152 1043 319 1132; x_wconf 85' lang='lat' dir='ltr'>praecipue</span> <span class='ocrx_word' id='word_1_60' title='bbox 333 1044 476 1108; x_wconf 85' lang='lat' dir='ltr'>firmetur</span> <span class='ocrx_word' id='word_1_61' title='bbox 488 1054 586 1128; x_wconf 85' lang='lat' dir='ltr'>atque</span> <span class='ocrx_word' id='word_1_62' title='bbox 605 1039 703 1105; x_wconf 81' lang='lat' dir='ltr'>alitur</span> <span class='ocrx_word' id='word_1_63' title='bbox 716 1039 942 1103; x_wconf 85' lang='lat' dir='ltr'>exercitatione</span> <span class='ocrx_word' id='word_1_64' title='bbox 954 1063 962 1104; x_wconf 76' lang='lat'>2</span> <span class='ocrx_word' id='word_1_65' title='bbox 986 1051 1019 1102; x_wconf 88' lang='lat' dir='ltr'>et</span> <span class='ocrx_word' id='word_1_66' title='bbox 1036 1040 1070 1103; x_wconf 88' lang='lat' dir='ltr'>in</span> <span class='ocrx_word' id='word_1_67' title='bbox 1089 1038 1142 1120; x_wconf 89' lang='lat' dir='ltr'>iis,</span> 
     </span>
    </p>

    <p class='ocr_par' dir='ltr' id='par_1_3' title="bbox 104 1123 1143 1214">
     <span class='ocr_line' id='line_1_9' title="bbox 104 1123 1143 1214; baseline -0.002 -22"><span class='ocrx_word' id='word_1_68' title='bbox 104 1127 143 1192; x_wconf 89' lang='lat' dir='ltr'>de</span> <span class='ocrx_word' id='word_1_69' title='bbox 187 1130 291 1194; x_wconf 87' lang='lat' dir='ltr'>uibus</span> <span class='ocrx_word' id='word_1_70' title='bbox 305 1150 392 1193; x_wconf 89' lang='lat' dir='ltr'>nunc</span> <span class='ocrx_word' id='word_1_71' title='bbox 406 1127 580 1214; x_wconf 88' lang='lat' dir='ltr'>loquimur,</span> <span class='ocrx_word' id='word_1_72' title='bbox 596 1125 754 1203; x_wconf 78' lang='lat' dir='ltr'>aetatibus,</span> <span class='ocrx_word' id='word_1_73' title='bbox 770 1147 843 1212; x_wconf 82' lang='lat' dir='ltr'>qnae</span> <span class='ocrx_word' id='word_1_74' title='bbox 865 1123 947 1188; x_wconf 89' lang='lat' dir='ltr'>nihil</span> <span class='ocrx_word' id='word_1_75' title='bbox 968 1125 1047 1189; x_wconf 88' lang='lat' dir='ltr'>dum</span> <span class='ocrx_word' id='word_1_76' title='bbox 1069 1123 1143 1212; x_wconf 83' lang='lat' dir='ltr'>ipsae</span> 
     </span>
    </p>

    <p class='ocr_par' dir='ltr' id='par_1_4' title="bbox 108 1153 1148 1312">
     <span class='ocr_line' id='line_1_10' title="bbox 108 1153 1148 1312; baseline -0.004 -34"><span class='ocrx_word' id='word_1_77' title='bbox 108 1235 146 1278; x_wconf 84' lang='lat' dir='ltr'>ex</span> <span class='ocrx_word' id='word_1_78' title='bbox 163 1153 199 1278; x_wconf 66' lang='lat' dir='ltr'>de</span> <span class='ocrx_word' id='word_1_79' title='bbox 222 1235 384 1312; x_wconf 79' lang='lat' dir='ltr'>generare</span> <span class='ocrx_word' id='word_1_80' title='bbox 406 1223 542 1300; x_wconf 85' lang='lat' dir='ltr'>queunt,</span> <span class='ocrx_word' id='word_1_81' title='bbox 563 1233 660 1298; x_wconf 84' lang='lat' dir='ltr'>prope</span> <span class='ocrx_word' id='word_1_82' title='bbox 683 1209 748 1274; x_wconf 84' lang='lat' dir='ltr'>sola</span> <span class='ocrx_word' id='word_1_83' title='bbox 772 1211 827 1288; x_wconf 88' lang='lat' dir='ltr'>est,</span> <span class='ocrx_word' id='word_1_84' title='bbox 848 1233 922 1296; x_wconf 84' lang='lat' dir='ltr'>quae</span> <span class='ocrx_word' id='word_1_85' title='bbox 938 1209 1043 1312; x_wconf 71' lang='lat' dir='ltr'>juvari</span> <span class='ocrx_word' id='word_1_86' title='bbox 1069 1233 1148 1274; x_wconf 80' lang='lat' dir='ltr'>curo</span> 
     </span>
    </p>

    <p class='ocr_par' dir='ltr' id='par_1_5' title="bbox 63 1295 1239 1982">
     <span class='ocr_line' id='line_1_11' title="bbox 63 1295 1239 1388; baseline -0.002 -26"><span class='ocrx_word' id='word_1_87' title='bbox 63 1297 297 1388; x_wconf 72' lang='lat' dir='ltr'>37docentuum</span> <span class='ocrx_word' id='word_1_88' title='bbox 326 1298 430 1386; x_wconf 86' lang='lat' dir='ltr'>poffit.</span> <span class='ocrx_word' id='word_1_89' title='bbox 472 1299 551 1362; x_wconf 91' lang='lat' dir='ltr'>Non</span> <span class='ocrx_word' id='word_1_90' title='bbox 578 1296 719 1360; x_wconf 80' lang='lat' dir='ltr'>alienum</span> <span class='ocrx_word' id='word_1_91' title='bbox 743 1295 839 1359; x_wconf 87' lang='lat' dir='ltr'>fuerit</span> <span class='ocrx_word' id='word_1_92' title='bbox 865 1295 994 1382; x_wconf 83' lang='lat' dir='ltr'>exigere</span> <span class='ocrx_word' id='word_1_93' title='bbox 1024 1296 1065 1358; x_wconf 85' lang='lat' dir='ltr'>ab</span> <span class='ocrx_word' id='word_1_94' title='bbox 1093 1295 1163 1361; x_wconf 83' lang='lat' dir='ltr'>his·</span> <span class='ocrx_word' id='word_1_95' title='bbox 1202 1329 1239 1338; x_wconf 92' lang='lat'>··</span> 
     </span>
     <span class='ocr_line' id='line_1_12' title="bbox 109 1381 1146 1470; baseline -0.002 -23"><span class='ocrx_word' id='word_1_96' title='bbox 109 1383 269 1464; x_wconf 70' lang='lat' dir='ltr'>aetetibus„</span> <span class='ocrx_word' id='word_1_97' title='bbox 283 1407 352 1470; x_wconf 92' lang='lat' dir='ltr'>quo</span> <span class='ocrx_word' id='word_1_98' title='bbox 367 1385 405 1448; x_wconf 86' lang='lat' dir='ltr'>srt</span> <span class='ocrx_word' id='word_1_99' title='bbox 422 1381 596 1448; x_wconf 79' lang='lat' dir='ltr'>absolutius</span> <span class='ocrx_word' id='word_1_100' title='bbox 610 1403 658 1460; x_wconf 90' lang='lat' dir='ltr'>os,</span> <span class='ocrx_word' id='word_1_101' title='bbox 673 1391 707 1445; x_wconf 90' lang='lat' dir='ltr'>et</span> <span class='ocrx_word' id='word_1_102' title='bbox 720 1381 888 1466; x_wconf 82' lang='lat' dir='ltr'>e‘xpreffior</span> <span class='ocrx_word' id='word_1_103' title='bbox 902 1381 1015 1459; x_wconf 86' lang='lat' dir='ltr'>sermo,</span> <span class='ocrx_word' id='word_1_104' title='bbox 1030 1391 1069 1444; x_wconf 90' lang='lat' dir='ltr'>ut</span> <span class='ocrx_word' id='word_1_105' title='bbox 1085 1405 1146 1445; x_wconf 90' lang='lat' dir='ltr'>no-</span> 
     </span>
     <span class='ocr_line' id='line_1_13' title="bbox 110 1464 1147 1556; baseline 0 -24"><span class='ocrx_word' id='word_1_106' title='bbox 110 1470 194 1534; x_wconf 84' lang='lat' dir='ltr'>mine</span> <span class='ocrx_word' id='word_1_107' title='bbox 207 1471 364 1556; x_wconf 68' lang='lat' dir='ltr'>quiedam</span> <span class='ocrx_word' id='word_1_108' title='bbox 384 1467 548 1553; x_wconf 87' lang='lat' dir='ltr'>versusque</span> <span class='ocrx_word' id='word_1_109' title='bbox 566 1466 719 1530; x_wconf 69' lang='lat' dir='ltr'>effectetae</span> <span class='ocrx_word' id='word_1_110' title='bbox 735 1464 931 1530; x_wconf 82' lang='lat' dir='ltr'>difficultatis</span> <span class='ocrx_word' id='word_1_111' title='bbox 946 1488 985 1530; x_wconf 91' lang='lat' dir='ltr'>ex</span> <span class='ocrx_word' id='word_1_112' title='bbox 1004 1465 1147 1553; x_wconf 84' lang='lat' dir='ltr'>pluribus</span> 
     </span>
     <span class='ocr_line' id='line_1_14' title="bbox 111 1550 1148 1642; baseline 0 -26"><span class='ocrx_word' id='word_1_113' title='bbox 111 1567 142 1617; x_wconf 88' lang='lat' dir='ltr'>et</span> <span class='ocrx_word' id='word_1_114' title='bbox 154 1555 328 1642; x_wconf 83' lang='lat' dir='ltr'>asperrime</span> <span class='ocrx_word' id='word_1_115' title='bbox 342 1553 535 1620; x_wconf 85' lang='lat' dir='ltr'>coeuntibus</span> <span class='ocrx_word' id='word_1_116' title='bbox 550 1553 631 1616; x_wconf 90' lang='lat' dir='ltr'>inter</span> <span class='ocrx_word' id='word_1_117' title='bbox 647 1551 678 1616; x_wconf 85' lang='lat' dir='ltr'>se.</span> <span class='ocrx_word' id='word_1_118' title='bbox 696 1550 824 1638; x_wconf 81' lang='lat' dir='ltr'>syllabis</span> <span class='ocrx_word' id='word_1_119' title='bbox 847 1562 1021 1632; x_wconf 79' lang='lat' dir='ltr'>catenatos,</span> <span class='ocrx_word' id='word_1_120' title='bbox 1037 1565 1072 1615; x_wconf 86' lang='lat' dir='ltr'>et</span> <span class='ocrx_word' id='word_1_121' title='bbox 1092 1573 1148 1616; x_wconf 91' lang='lat' dir='ltr'>ve-</span> 
     </span>
     <span class='ocr_line' id='line_1_15' title="bbox 114 1635 1149 1727; baseline 0 -25"><span class='ocrx_word' id='word_1_122' title='bbox 114 1639 160 1702; x_wconf 88' lang='lat' dir='ltr'>lut</span> <span class='ocrx_word' id='word_1_123' title='bbox 173 1639 394 1727; x_wconf 75' lang='lat' dir='ltr'>confragosos,</span> <span class='ocrx_word' id='word_1_124' title='bbox 409 1662 504 1726; x_wconf 86' lang='lat' dir='ltr'>quam</span> <span class='ocrx_word' id='word_1_125' title='bbox 521 1637 717 1702; x_wconf 70' lang='lat' dir='ltr'>citsttillime‘¹</span> <span class='ocrx_word' id='word_1_126' title='bbox 733 1635 873 1702; x_wconf 86' lang='lat' dir='ltr'>volvant.</span> <span class='ocrx_word' id='word_1_127' title='bbox 911 1641 1037 1699; x_wconf 73' lang='grc' dir='ltr'>Χαλεποὶ</span> <span class='ocrx_word' id='word_1_128' title='bbox 1055 1639 1149 1702; x_wconf 81' lang='lat' dir='ltr'>Grae·</span> 
     </span>
     <span class='ocr_line' id='line_1_16' title="bbox 115 1721 1151 1808; baseline 0.002 -22"><span class='ocrx_word' id='word_1_129' title='bbox 115 1745 150 1788; x_wconf 89' lang='lat' dir='ltr'>ce</span> <span class='ocrx_word' id='word_1_130' title='bbox 161 1739 343 1789; x_wconf 85' lang='lat' dir='ltr'>vocantur:</span> <span class='ocrx_word' id='word_1_131' title='bbox 367 1748 417 1790; x_wconf 83' lang='lat' dir='ltr'>res</span> <span class='ocrx_word' id='word_1_132' title='bbox 432 1723 560 1788; x_wconf 84' lang='lat' dir='ltr'>modica</span> <span class='ocrx_word' id='word_1_133' title='bbox 574 1723 683 1787; x_wconf 72' lang='lat' dir='ltr'>dictu:</span> <span class='ocrx_word' id='word_1_134' title='bbox 707 1744 772 1808; x_wconf 85' lang='lat' dir='ltr'>qua</span> <span class='ocrx_word' id='word_1_135' title='bbox 788 1735 895 1788; x_wconf 89' lang='lat' dir='ltr'>tamen</span> <span class='ocrx_word' id='word_1_136' title='bbox 911 1721 1030 1800; x_wconf 84' lang='lat' dir='ltr'>omissa,</span> <span class='ocrx_word' id='word_1_137' title='bbox 1047 1723 1151 1788; x_wconf 82' lang='lat' dir='ltr'>multe</span> 
     </span>
     <span class='ocr_line' id='line_1_17' title="bbox 116 1806 1228 1956; baseline 0.002 -86"><span class='ocrx_word' id='word_1_138' title='bbox 116 1807 232 1956; x_wconf 63' lang='lat' dir='ltr'>liupuae</span> <span class='ocrx_word' id='word_1_139' title='bbox 248 1811 343 1889; x_wconf 83' lang='lat' dir='ltr'>vitia,</span> <span class='ocrx_word' id='word_1_140' title='bbox 358 1809 412 1874; x_wconf 75' lang='lat' dir='ltr'>uisi</span> <span class='ocrx_word' id='word_1_141' title='bbox 428 1809 539 1896; x_wconf 89' lang='lat' dir='ltr'>primis</span> <span class='ocrx_word' id='word_1_142' title='bbox 553 1808 738 1874; x_wconf 89' lang='lat' dir='ltr'>eximuntur</span> <span class='ocrx_word' id='word_1_143' title='bbox 755 1808 858 1888; x_wconf 84' lang='lat' dir='ltr'>aunis,</span> <span class='ocrx_word' id='word_1_144' title='bbox 874 1806 1103 1873; x_wconf 71' lang='lat' dir='ltr'>inemendabili</span> <span class='ocrx_word' id='word_1_145' title='bbox 1117 1810 1166 1874; x_wconf 84' lang='lat' dir='ltr'>in·</span> <span class='ocrx_word' id='word_1_146' title='bbox 1218 1841 1228 1848; x_wconf 95' lang='lat'>-</span> 
     </span>
     <span class='ocr_line' id='line_1_18' title="bbox 118 1894 620 1982; baseline -0.002 -22"><span class='ocrx_word' id='word_1_147' title='bbox 118 1913 155 1980; x_wconf 85' lang='lat' dir='ltr'>po</span> <span class='ocrx_word' id='word_1_148' title='bbox 178 1917 268 1960; x_wconf 90' lang='lat' dir='ltr'>emm</span> <span class='ocrx_word' id='word_1_149' title='bbox 283 1895 440 1982; x_wconf 81' lang='lat' dir='ltr'>pravitate</span> <span class='ocrx_word' id='word_1_150' title='bbox 454 1894 620 1959; x_wconf 87' lang='lat' dir='ltr'>durantur.</span> 
     </span>
    </p>

    <p class='ocr_par' dir='ltr' id='par_1_6' title="bbox 122 1977 1163 2468">
     <span class='ocr_line' id='line_1_19' title="bbox 158 1977 1155 2080; baseline 0.002 -36"><span class='ocrx_word' id='word_1_151' title='bbox 158 1981 202 2045; x_wconf 91' lang='grc' dir='ltr'>ΙΙ.</span> <span class='ocrx_word' id='word_1_152' title='bbox 227 1981 328 2068; x_wconf 82' lang='grc' dir='ltr'>(ΙΙΙ.)</span> <span class='ocrx_word' id='word_1_153' title='bbox 353 1981 416 2046; x_wconf 89' lang='lat' dir='ltr'>Sed</span> <span class='ocrx_word' id='word_1_154' title='bbox 431 1979 525 2044; x_wconf 86' lang='lat' dir='ltr'>nobis</span> <span class='ocrx_word' id='word_1_155' title='bbox 540 1979 609 2066; x_wconf 81' lang='lat' dir='ltr'>jam</span> <span class='ocrx_word' id='word_1_156' title='bbox 629 1977 795 2066; x_wconf 80' lang='lat' dir='ltr'>paullatim</span> <span class='ocrx_word' id='word_1_157' title='bbox 818 1977 991 2045; x_wconf 80' lang='lat' dir='ltr'>accrescere</span> <span class='ocrx_word' id='word_1_158' title='bbox 1012 1999 1102 2080; x_wconf 90' lang='lat' dir='ltr'>puer,</span> <span class='ocrx_word' id='word_1_159' title='bbox 1120 1989 1155 2046; x_wconf 87' lang='lat' dir='ltr'>et</span> 
     </span>
     <span class='ocr_line' id='line_1_20' title="bbox 123 2064 1154 2154; baseline 0.002 -28"><span class='ocrx_word' id='word_1_160' title='bbox 123 2064 201 2133; x_wconf 84' lang='lat' dir='ltr'>exire</span> <span class='ocrx_word' id='word_1_161' title='bbox 215 2067 256 2135; x_wconf 83' lang='lat' dir='ltr'>de</span> <span class='ocrx_word' id='word_1_162' title='bbox 272 2067 414 2154; x_wconf 84' lang='lat' dir='ltr'>gremio,</span> <span class='ocrx_word' id='word_1_163' title='bbox 427 2087 465 2130; x_wconf 81' lang='lat' dir='ltr'>ec</span> <span class='ocrx_word' id='word_1_164' title='bbox 479 2064 595 2130; x_wconf 85' lang='lat' dir='ltr'>discere</span> <span class='ocrx_word' id='word_1_165' title='bbox 610 2065 688 2128; x_wconf 87' lang='lat' dir='ltr'>serio</span> <span class='ocrx_word' id='word_1_166' title='bbox 703 2064 766 2130; x_wconf 91' lang='lat' dir='ltr'>inci</span> <span class='ocrx_word' id='word_1_167' title='bbox 791 2064 846 2129; x_wconf 85' lang='lat' dir='ltr'>iet.</span> <span class='ocrx_word' id='word_1_168' title='bbox 891 2066 966 2129; x_wconf 92' lang='lat' dir='ltr'>Hoc</span> <span class='ocrx_word' id='word_1_169' title='bbox 978 2065 1078 2151; x_wconf 73' lang='lat' dir='ltr'>igitur</span> <span class='ocrx_word' id='word_1_170' title='bbox 1093 2089 1154 2154; x_wconf 92' lang='lat' dir='ltr'>po-</span> 
     </span>
     <span class='ocr_line' id='line_1_21' title="bbox 122 2087 1156 2237; baseline 0.007 -28"><span class='ocrx_word' id='word_1_171' title='bbox 122 2145 268 2218; x_wconf 77' lang='lat' dir='ltr'>tiffimum</span> <span class='ocrx_word' id='word_1_172' title='bbox 290 2153 373 2217; x_wconf 64' lang='lat' dir='ltr'>&#39;loco</span> <span class='ocrx_word' id='word_1_173' title='bbox 399 2149 562 2216; x_wconf 61' lang='lat' dir='ltr'>tradenda</span> <span class='ocrx_word' id='word_1_174' title='bbox 587 2151 718 2237; x_wconf 87' lang='lat' dir='ltr'>quaestio</span> <span class='ocrx_word' id='word_1_175' title='bbox 745 2087 799 2232; x_wconf 73' lang='lat' dir='ltr'>ed,</span> <span class='ocrx_word' id='word_1_176' title='bbox 823 2149 982 2216; x_wconf 89' lang='lat' dir='ltr'>Utiliusne</span> <span class='ocrx_word' id='word_1_177' title='bbox 1003 2150 1041 2214; x_wconf 83' lang='lat' dir='ltr'>fit</span> <span class='ocrx_word' id='word_1_178' title='bbox 1065 2151 1156 2216; x_wconf 88' lang='lat' dir='ltr'>domi</span> 
     </span>
     <span class='ocr_line' id='line_1_22' title="bbox 125 2231 1158 2323; baseline 0.006 -28"><span class='ocrx_word' id='word_1_179' title='bbox 125 2247 213 2320; x_wconf 82' lang='lat' dir='ltr'>atque</span> <span class='ocrx_word' id='word_1_180' title='bbox 228 2237 318 2304; x_wconf 84' lang='lat' dir='ltr'>iutra</span> <span class='ocrx_word' id='word_1_181' title='bbox 337 2236 477 2323; x_wconf 82' lang='lat' dir='ltr'>privatos</span> <span class='ocrx_word' id='word_1_182' title='bbox 492 2231 626 2322; x_wconf 71' lang='lat' dir='ltr'>paridtes</span> <span class='ocrx_word' id='word_1_183' title='bbox 641 2235 818 2301; x_wconf 83' lang='lat' dir='ltr'>studentem</span> <span class='ocrx_word' id='word_1_184' title='bbox 841 2235 1015 2316; x_wconf 71' lang='lat' dir='ltr'>continere,</span> <span class='ocrx_word' id='word_1_185' title='bbox 1030 2259 1071 2300; x_wconf 86' lang='lat' dir='ltr'>au</span> <span class='ocrx_word' id='word_1_186' title='bbox 1090 2235 1158 2302; x_wconf 86' lang='lat' dir='ltr'>fre-</span> 
     </span>
     <span class='ocr_line' id='line_1_23' title="bbox 126 2321 1163 2468; baseline 0.005 -86"><span class='ocrx_word' id='word_1_187' title='bbox 126 2321 257 2468; x_wconf 67' lang='lat' dir='ltr'>pueutiae</span> <span class='ocrx_word' id='word_1_188' title='bbox 279 2321 472 2400; x_wconf 87' lang='lat' dir='ltr'>scholarum,</span> <span class='ocrx_word' id='word_1_189' title='bbox 493 2333 529 2386; x_wconf 90' lang='lat' dir='ltr'>et</span> <span class='ocrx_word' id='word_1_190' title='bbox 551 2321 641 2386; x_wconf 87' lang='lat' dir='ltr'>velut</span> <span class='ocrx_word' id='word_1_191' title='bbox 659 2321 795 2407; x_wconf 85' lang='lat' dir='ltr'>publicis</span> <span class='ocrx_word' id='word_1_192' title='bbox 816 2323 1069 2420; x_wconf 72' lang='lat' dir='ltr'>preceptoribus</span> <span class='ocrx_word' id='word_1_193' title='bbox 1090 2336 1163 2387; x_wconf 87' lang='lat' dir='ltr'>tra·</span> 
     </span>
    </p>

    <p class='ocr_par' dir='ltr' id='par_1_7' title="bbox 37 2394 1319 3862">
     <span class='ocr_line' id='line_1_24' title="bbox 102 2394 1160 2494; baseline 0.004 -26"><span class='ocrx_word' id='word_1_194' title='bbox 102 2429 118 2480; x_wconf 83' lang='lat'>2</span> <span class='ocrx_word' id='word_1_195' title='bbox 147 2394 205 2470; x_wconf 75' lang='lat' dir='ltr'>dre.</span> <span class='ocrx_word' id='word_1_196' title='bbox 250 2406 355 2473; x_wconf 81' lang='lat' dir='ltr'>Quod</span> <span class='ocrx_word' id='word_1_197' title='bbox 376 2407 510 2494; x_wconf 88' lang='lat' dir='ltr'>quidem</span> <span class='ocrx_word' id='word_1_198' title='bbox 531 2427 605 2472; x_wconf 92' lang='lat' dir='ltr'>cum</span> <span class='ocrx_word' id='word_1_199' title='bbox 621 2406 674 2486; x_wconf 86' lang='lat' dir='ltr'>iis,</span> <span class='ocrx_word' id='word_1_200' title='bbox 690 2429 709 2470; x_wconf 86' lang='lat' dir='ltr'>a</span> <span class='ocrx_word' id='word_1_201' title='bbox 728 2406 846 2494; x_wconf 91' lang='lat' dir='ltr'>quibus</span> <span class='ocrx_word' id='word_1_202' title='bbox 860 2407 1095 2472; x_wconf 71' lang='lat' dir='ltr'>clarissimarum</span> <span class='ocrx_word' id='word_1_203' title='bbox 1111 2408 1160 2474; x_wconf 74' lang='lat' dir='ltr'>ci-</span> 
     </span>
     <span class='ocr_line' id='line_1_25' title="bbox 128 2489 1160 2572; baseline 0.007 -21"><span class='ocrx_word' id='word_1_204' title='bbox 128 2489 267 2556; x_wconf 88' lang='lat' dir='ltr'>vitatium</span> <span class='ocrx_word' id='word_1_205' title='bbox 282 2515 392 2558; x_wconf 88' lang='lat' dir='ltr'>mores</span> <span class='ocrx_word' id='word_1_206' title='bbox 410 2493 483 2557; x_wconf 90' lang='lat' dir='ltr'>sunt</span> <span class='ocrx_word' id='word_1_207' title='bbox 497 2491 644 2572; x_wconf 87' lang='lat' dir='ltr'>instituti,</span> <span class='ocrx_word' id='word_1_208' title='bbox 661 2504 732 2556; x_wconf 87' lang='lat' dir='ltr'>tum</span> <span class='ocrx_word' id='word_1_209' title='bbox 754 2491 1004 2556; x_wconf 72' lang='lat' dir='ltr'>eminentissimis</span> <span class='ocrx_word' id='word_1_210' title='bbox 1019 2493 1160 2558; x_wconf 70' lang='lat' dir='ltr'>eustori-</span> 
     </span>
     <span class='ocr_line' id='line_1_26' title="bbox 128 2573 1163 2666; baseline 0.006 -28"><span class='ocrx_word' id='word_1_211' title='bbox 128 2573 184 2640; x_wconf 85' lang='lat' dir='ltr'>bus</span> <span class='ocrx_word' id='word_1_212' title='bbox 197 2577 290 2644; x_wconf 83' lang='lat' dir='ltr'>video</span> <span class='ocrx_word' id='word_1_213' title='bbox 314 2577 476 2666; x_wconf 82' lang='lat' dir='ltr'>placuisse.</span> <span class='ocrx_word' id='word_1_214' title='bbox 520 2578 599 2642; x_wconf 91' lang='lat' dir='ltr'>Non</span> <span class='ocrx_word' id='word_1_215' title='bbox 621 2578 665 2641; x_wconf 86' lang='lat' dir='ltr'>est</span> <span class='ocrx_word' id='word_1_216' title='bbox 686 2591 795 2642; x_wconf 85' lang='lat' dir='ltr'>temen</span> <span class='ocrx_word' id='word_1_217' title='bbox 814 2575 1082 2659; x_wconf 84' lang='lat' dir='ltr'>dilsrmulandum‚</span> <span class='ocrx_word' id='word_1_218' title='bbox 1098 2579 1163 2644; x_wconf 86' lang='lat' dir='ltr'>else</span> 
     </span>
     <span class='ocr_line' id='line_1_27' title="bbox 131 2661 1161 2752; baseline 0.007 -31"><span class='ocrx_word' id='word_1_219' title='bbox 131 2663 309 2744; x_wconf 86' lang='lat' dir='ltr'>nonnullos,</span> <span class='ocrx_word' id='word_1_220' title='bbox 351 2663 386 2728; x_wconf 88' lang='lat' dir='ltr'>ui</span> <span class='ocrx_word' id='word_1_221' title='bbox 405 2663 446 2728; x_wconf 85' lang='lat' dir='ltr'>ab</span> <span class='ocrx_word' id='word_1_222' title='bbox 467 2663 531 2726; x_wconf 87' lang='lat' dir='ltr'>hoo</span> <span class='ocrx_word' id='word_1_223' title='bbox 551 2685 650 2750; x_wconf 87' lang='lat' dir='ltr'>prope</span> <span class='ocrx_word' id='word_1_224' title='bbox 672 2661 805 2748; x_wconf 91' lang='lat' dir='ltr'>publico</span> <span class='ocrx_word' id='word_1_225' title='bbox 824 2684 915 2727; x_wconf 88' lang='lat' dir='ltr'>more</span> <span class='ocrx_word' id='word_1_226' title='bbox 937 2663 1057 2749; x_wconf 84' lang='lat' dir='ltr'>privata</span> <span class='ocrx_word' id='word_1_227' title='bbox 1079 2685 1161 2752; x_wconf 82' lang='lat' dir='ltr'>qua·</span> 
     </span>
     <span class='ocr_line' id='line_1_28' title="bbox 132 2687 1204 2835; baseline 0.006 -27"><span class='ocrx_word' id='word_1_228' title='bbox 132 2743 198 2809; x_wconf 81' lang='lat' dir='ltr'>daur</span> <span class='ocrx_word' id='word_1_229' title='bbox 216 2687 417 2835; x_wconf 68' lang='lat' dir='ltr'>persuadone</span> <span class='ocrx_word' id='word_1_230' title='bbox 437 2747 628 2813; x_wconf 86' lang='lat' dir='ltr'>dissentiant.</span> <span class='ocrx_word' id='word_1_231' title='bbox 672 2747 719 2812; x_wconf 89' lang='lat' dir='ltr'>Hi</span> <span class='ocrx_word' id='word_1_232' title='bbox 743 2747 822 2812; x_wconf 83' lang='lat' dir='ltr'>dues</span> <span class='ocrx_word' id='word_1_233' title='bbox 843 2748 1004 2835; x_wconf 85' lang='lat' dir='ltr'>praecipue</span> <span class='ocrx_word' id='word_1_234' title='bbox 1021 2749 1165 2814; x_wconf 75' lang='lat' dir='ltr'>rationes</span> <span class='ocrx_word' id='word_1_235' title='bbox 1202 2763 1204 2768; x_wconf 87' lang='grc'><strong>’</strong></span> 
     </span>
     <span class='ocr_line' id='line_1_29' title="bbox 133 2825 1163 2921; baseline 0.006 -29"><span class='ocrx_word' id='word_1_236' title='bbox 133 2825 211 2917; x_wconf 89' lang='lat' dir='ltr'>sequi</span> <span class='ocrx_word' id='word_1_237' title='bbox 233 2833 405 2900; x_wconf 85' lang='lat' dir='ltr'>videntur:</span> <span class='ocrx_word' id='word_1_238' title='bbox 435 2856 545 2914; x_wconf 89' lang='lat' dir='ltr'>unam,</span> <span class='ocrx_word' id='word_1_239' title='bbox 568 2833 658 2921; x_wconf 92' lang='lat' dir='ltr'>quod</span> <span class='ocrx_word' id='word_1_240' title='bbox 683 2833 827 2898; x_wconf 85' lang='lat' dir='ltr'>moribus</span> <span class='ocrx_word' id='word_1_241' title='bbox 850 2833 957 2920; x_wconf 80' lang='lat' dir='ltr'>magis</span> <span class='ocrx_word' id='word_1_242' title='bbox 982 2834 1163 2914; x_wconf 83' lang='lat' dir='ltr'>consulant,</span> 
     </span>
     <span class='ocr_line' id='line_1_30' title="bbox 135 2911 1166 3005; baseline 0.008 -28"><span class='ocrx_word' id='word_1_243' title='bbox 135 2911 279 3001; x_wconf 79' lang='lat' dir='ltr'>fugiendo</span> <span class='ocrx_word' id='word_1_244' title='bbox 302 2919 432 2984; x_wconf 86' lang='lat' dir='ltr'>turbem</span> <span class='ocrx_word' id='word_1_245' title='bbox 454 2918 624 2982; x_wconf 90' lang='lat' dir='ltr'>hominum</span> <span class='ocrx_word' id='word_1_246' title='bbox 644 2917 713 3004; x_wconf 84' lang='lat' dir='ltr'>ejus</span> <span class='ocrx_word' id='word_1_247' title='bbox 735 2918 851 2997; x_wconf 83' lang='lat' dir='ltr'>aetatis,</span> <span class='ocrx_word' id='word_1_248' title='bbox 873 2941 947 3005; x_wconf 84' lang='lat' dir='ltr'>quae</span> <span class='ocrx_word' id='word_1_249' title='bbox 968 2917 1005 2983; x_wconf 86' lang='lat' dir='ltr'>fit</span> <span class='ocrx_word' id='word_1_250' title='bbox 1025 2919 1067 2984; x_wconf 85' lang='lat' dir='ltr'>ad</span> <span class='ocrx_word' id='word_1_251' title='bbox 1086 2919 1166 2985; x_wconf 84' lang='lat' dir='ltr'>vitia</span> 
     </span>
     <span class='ocr_line' id='line_1_31' title="bbox 137 3001 1164 3093; baseline 0.002 -25"><span class='ocrx_word' id='word_1_252' title='bbox 137 3001 264 3069; x_wconf 79' lang='lat' dir='ltr'>maxime</span> <span class='ocrx_word' id='word_1_253' title='bbox 277 3025 392 3091; x_wconf 83' lang='lat' dir='ltr'>prona,</span> <span class='ocrx_word' id='word_1_254' title='bbox 407 3003 493 3068; x_wconf 87' lang='lat' dir='ltr'>uude</span> <span class='ocrx_word' id='word_1_255' title='bbox 507 3003 624 3068; x_wconf 72' lang='lat' dir='ltr'>caussae</span> <span class='ocrx_word' id='word_1_256' title='bbox 638 3003 781 3089; x_wconf 89' lang='lat' dir='ltr'>turpium</span> <span class='ocrx_word' id='word_1_257' title='bbox 803 3001 960 3068; x_wconf 68' lang='lat' dir='ltr'>saelorum</span> <span class='ocrx_word' id='word_1_258' title='bbox 981 3003 1063 3093; x_wconf 86' lang='lat' dir='ltr'>saepe</span> <span class='ocrx_word' id='word_1_259' title='bbox 1079 3007 1164 3070; x_wconf 87' lang='lat' dir='ltr'>exti-</span> 
     </span>
     <span class='ocr_line' id='line_1_32' title="bbox 102 3082 1166 3178; baseline 0.007 -28"><span class='ocrx_word' id='word_1_260' title='bbox 102 3083 105 3092; x_wconf 61' lang='lat'><strong>⁴</strong></span> <span class='ocrx_word' id='word_1_261' title='bbox 136 3082 197 3150; x_wconf 75' lang='lat' dir='ltr'>cisse</span> <span class='ocrx_word' id='word_1_262' title='bbox 209 3088 337 3154; x_wconf 84' lang='lat' dir='ltr'>utinam</span> <span class='ocrx_word' id='word_1_263' title='bbox 346 3087 428 3153; x_wconf 79' lang='lat' dir='ltr'>salso</span> <span class='ocrx_word' id='word_1_264' title='bbox 437 3087 631 3178; x_wconf 75' lang='lat' dir='ltr'>jactaretur3</span> <span class='ocrx_word' id='word_1_265' title='bbox 655 3089 799 3170; x_wconf 83' lang='lat' dir='ltr'>alteram,</span> <span class='ocrx_word' id='word_1_266' title='bbox 814 3089 902 3176; x_wconf 94' lang='lat' dir='ltr'>quod</span> <span class='ocrx_word' id='word_1_267' title='bbox 916 3089 1059 3177; x_wconf 88' lang='lat' dir='ltr'>quisquis</span> <span class='ocrx_word' id='word_1_268' title='bbox 1073 3089 1166 3158; x_wconf 85' lang='lat' dir='ltr'>futu·</span> 
     </span>
     <span class='ocr_line' id='line_1_33' title="bbox 138 3173 1171 3262; baseline 0.005 -25"><span class='ocrx_word' id='word_1_269' title='bbox 138 3188 186 3237; x_wconf 78' lang='lat' dir='ltr'>ms</span> <span class='ocrx_word' id='word_1_270' title='bbox 205 3173 246 3237; x_wconf 86' lang='lat' dir='ltr'>est</span> <span class='ocrx_word' id='word_1_271' title='bbox 265 3175 325 3240; x_wconf 92' lang='lat' dir='ltr'>ille</span> <span class='ocrx_word' id='word_1_272' title='bbox 343 3188 530 3262; x_wconf 68' lang='lat' dir='ltr'>praeceptor,</span> <span class='ocrx_word' id='word_1_273' title='bbox 546 3173 709 3240; x_wconf 77' lang='lat' dir='ltr'>liberalius</span> <span class='ocrx_word' id='word_1_274' title='bbox 729 3185 875 3261; x_wconf 85' lang='lat' dir='ltr'>tempora</span> <span class='ocrx_word' id='word_1_275' title='bbox 893 3175 948 3240; x_wconf 82' lang='lat' dir='ltr'>sue</span> <span class='ocrx_word' id='word_1_276' title='bbox 968 3176 1171 3262; x_wconf 80' lang='lat' dir='ltr'>impensurus</span> 
     </span>
     <span class='ocr_line' id='line_1_34' title="bbox 112 3253 1319 3358; baseline 0.006 -41"><span class='ocrx_word' id='word_1_277' title='bbox 112 3253 191 3346; x_wconf 64' lang='lat' dir='ltr'>puni</span> <span class='ocrx_word' id='word_1_278' title='bbox 213 3259 359 3338; x_wconf 80' lang='lat' dir='ltr'>videtur,&#39;</span> <span class='ocrx_word' id='word_1_279' title='bbox 379 3281 476 3346; x_wconf 90' lang='lat' dir='ltr'>quam</span> <span class='ocrx_word' id='word_1_280' title='bbox 500 3261 521 3324; x_wconf 89' lang='lat' dir='ltr'>fi</span> <span class='ocrx_word' id='word_1_281' title='bbox 545 3259 657 3324; x_wconf 88' lang='lat' dir='ltr'>eedem</span> <span class='ocrx_word' id='word_1_282' title='bbox 682 3257 717 3324; x_wconf 88' lang='lat' dir='ltr'>in</span> <span class='ocrx_word' id='word_1_283' title='bbox 742 3260 848 3358; x_wconf 87' lang='lat' dir='ltr'>plures</span> <span class='ocrx_word' id='word_1_284' title='bbox 893 3260 1035 3327; x_wconf 85' lang='lat' dir='ltr'>ertietur.</span> <span class='ocrx_word' id='word_1_285' title='bbox 1079 3263 1171 3328; x_wconf 89' lang='lat' dir='ltr'>Prior</span> <span class='ocrx_word' id='word_1_286' title='bbox 1317 3317 1319 3324; x_wconf 73' lang='grc'>,</span> 
     </span>
     <span class='ocr_line' id='line_1_35' title="bbox 141 3341 1258 3434; baseline 0.012 -34"><span class='ocrx_word' id='word_1_287' title='bbox 141 3341 235 3407; x_wconf 81' lang='lat' dir='ltr'>caussa</span> <span class='ocrx_word' id='word_1_288' title='bbox 247 3345 375 3430; x_wconf 89' lang='lat' dir='ltr'>prorsus</span> <span class='ocrx_word' id='word_1_289' title='bbox 388 3343 514 3432; x_wconf 85' lang='lat' dir='ltr'>gravis:</span> <span class='ocrx_word' id='word_1_290' title='bbox 537 3367 614 3408; x_wconf 88' lang='lat' dir='ltr'>nam</span> <span class='ocrx_word' id='word_1_291' title='bbox 635 3345 656 3409; x_wconf 86' lang='lat' dir='ltr'>sr</span> <span class='ocrx_word' id='word_1_292' title='bbox 678 3345 788 3410; x_wconf 82' lang='lat' dir='ltr'>lludris</span> <span class='ocrx_word' id='word_1_293' title='bbox 804 3346 859 3432; x_wconf 90' lang='lat' dir='ltr'>qni</span> <span class='ocrx_word' id='word_1_294' title='bbox 884 3369 935 3410; x_wconf 90' lang='lat' dir='ltr'>em</span> <span class='ocrx_word' id='word_1_295' title='bbox 956 3345 1079 3410; x_wconf 88' lang='lat' dir='ltr'>scholas</span> <span class='ocrx_word' id='word_1_296' title='bbox 1093 3369 1258 3434; x_wconf 60' lang='lat' dir='ltr'>prom--</span> 
     </span>
     <span class='ocr_line' id='line_1_36' title="bbox 143 3421 1171 3518; baseline 0.012 -32"><span class='ocrx_word' id='word_1_297' title='bbox 143 3421 229 3506; x_wconf 80' lang='lat' dir='ltr'>desse,</span> <span class='ocrx_word' id='word_1_298' title='bbox 244 3430 392 3494; x_wconf 82' lang='lat' dir='ltr'>moribus</span> <span class='ocrx_word' id='word_1_299' title='bbox 412 3441 519 3496; x_wconf 86' lang='lat' dir='ltr'>autem</span> <span class='ocrx_word' id='word_1_300' title='bbox 542 3438 658 3496; x_wconf 77' lang='lat' dir='ltr'>nocere</span> <span class='ocrx_word' id='word_1_301' title='bbox 678 3432 845 3510; x_wconf 79' lang='lat' dir='ltr'>constaret,</span> <span class='ocrx_word' id='word_1_302' title='bbox 859 3432 965 3518; x_wconf 86' lang='lat' dir='ltr'>potior</span> <span class='ocrx_word' id='word_1_303' title='bbox 986 3431 1069 3496; x_wconf 85' lang='lat' dir='ltr'>mibi</span> <span class='ocrx_word' id='word_1_304' title='bbox 1090 3433 1171 3498; x_wconf 82' lang='lat' dir='ltr'>ratio</span> 
     </span>
     <span class='ocr_line' id='line_1_37' title="bbox 142 3505 1169 3604; baseline 0.014 -33"><span class='ocrx_word' id='word_1_305' title='bbox 142 3505 260 3577; x_wconf 84' lang='lat' dir='ltr'>vivendi</span> <span class='ocrx_word' id='word_1_306' title='bbox 286 3513 431 3595; x_wconf 82' lang='lat' dir='ltr'>honeste,</span> <span class='ocrx_word' id='word_1_307' title='bbox 460 3537 558 3602; x_wconf 87' lang='lat' dir='ltr'>quam</span> <span class='ocrx_word' id='word_1_308' title='bbox 585 3516 638 3580; x_wconf 89' lang='lat' dir='ltr'>vel</span> <span class='ocrx_word' id='word_1_309' title='bbox 666 3516 788 3604; x_wconf 90' lang='lat' dir='ltr'>optime</span> <span class='ocrx_word' id='word_1_310' title='bbox 815 3515 967 3582; x_wconf 73' lang='lat' dir='ltr'>dicendie</span> <span class='ocrx_word' id='word_1_311' title='bbox 996 3516 1169 3585; x_wconf 88' lang='lat' dir='ltr'>videretur.</span> 
     </span>
     <span class='ocr_line' id='line_1_38' title="bbox 37 3591 1172 3690; baseline 0.011 -34"><span class='ocrx_word' id='word_1_312' title='bbox 37 3641 38 3644; x_wconf 16' lang='grc' dir='ltr'>η</span> <span class='ocrx_word' id='word_1_313' title='bbox 146 3591 202 3660; x_wconf 86' lang='lat' dir='ltr'>Sed</span> <span class='ocrx_word' id='word_1_314' title='bbox 217 3615 300 3665; x_wconf 77' lang='lat' dir='ltr'>‘mee</span> <span class='ocrx_word' id='word_1_315' title='bbox 322 3599 455 3687; x_wconf 86' lang='lat' dir='ltr'>quidem</span> <span class='ocrx_word' id='word_1_316' title='bbox 480 3600 636 3666; x_wconf 84' lang='lat' dir='ltr'>sententia</span> <span class='ocrx_word' id='word_1_317' title='bbox 656 3599 772 3686; x_wconf 74' lang='lat' dir='ltr'>janua</span> <span class='ocrx_word' id='word_1_318' title='bbox 799 3601 856 3666; x_wconf 84' lang='lat' dir='ltr'>ista</span> <span class='ocrx_word' id='word_1_319' title='bbox 881 3615 977 3690; x_wconf 84' lang='lat' dir='ltr'>atque</span> <span class='ocrx_word' id='word_1_320' title='bbox 1004 3602 1172 3668; x_wconf 79' lang='lat' dir='ltr'>indisereta</span> 
     </span>
     <span class='ocr_line' id='line_1_39' title="bbox 145 3675 1170 3776; baseline 0.012 -34"><span class='ocrx_word' id='word_1_321' title='bbox 145 3675 229 3745; x_wconf 84' lang='lat' dir='ltr'>sunt:</span> <span class='ocrx_word' id='word_1_322' title='bbox 252 3706 360 3772; x_wconf 91' lang='lat' dir='ltr'>neque</span> <span class='ocrx_word' id='word_1_323' title='bbox 374 3685 462 3750; x_wconf 87' lang='lat' dir='ltr'>enim</span> <span class='ocrx_word' id='word_1_324' title='bbox 475 3685 535 3751; x_wconf 87' lang='lat' dir='ltr'>esse</span> <span class='ocrx_word' id='word_1_325' title='bbox 550 3699 721 3765; x_wconf 83' lang='lat' dir='ltr'>oratorem,</span> <span class='ocrx_word' id='word_1_326' title='bbox 736 3686 792 3750; x_wconf 84' lang='lat' dir='ltr'>nisr</span> <span class='ocrx_word' id='word_1_327' title='bbox 807 3687 929 3751; x_wconf 88' lang='lat' dir='ltr'>bonum</span> <span class='ocrx_word' id='word_1_328' title='bbox 945 3687 1061 3767; x_wconf 91' lang='lat' dir='ltr'>virum,</span> <span class='ocrx_word' id='word_1_329' title='bbox 1077 3689 1170 3776; x_wconf 91' lang='lat' dir='ltr'>judi-</span> 
     </span>
     <span class='ocr_line' id='line_1_40' title="bbox 149 3769 1172 3862; baseline 0.012 -33"><span class='ocrx_word' id='word_1_330' title='bbox 149 3779 206 3843; x_wconf 65' lang='grc' dir='ltr'>θος</span> <span class='ocrx_word' id='word_1_331' title='bbox 225 3781 260 3834; x_wconf 87' lang='lat' dir='ltr'>et</span> <span class='ocrx_word' id='word_1_332' title='bbox 270 3769 353 3849; x_wconf 81' lang='lat' dir='ltr'>steri,</span> <span class='ocrx_word' id='word_1_333' title='bbox 366 3769 466 3834; x_wconf 82' lang='lat' dir='ltr'>etiem</span> <span class='ocrx_word' id='word_1_334' title='bbox 480 3771 501 3833; x_wconf 78' lang='lat' dir='ltr'>ss</span> <span class='ocrx_word' id='word_1_335' title='bbox 515 3771 626 3858; x_wconf 86' lang='lat' dir='ltr'>posset,</span> <span class='ocrx_word' id='word_1_336' title='bbox 641 3771 737 3835; x_wconf 91' lang='lat' dir='ltr'>nolo:</span> <span class='ocrx_word' id='word_1_337' title='bbox 761 3771 802 3846; x_wconf 83' lang='lat' dir='ltr'>de</span> <span class='ocrx_word' id='word_1_338' title='bbox 816 3772 877 3837; x_wconf 87' lang='lat' dir='ltr'>hac</span> <span class='ocrx_word' id='word_1_339' title='bbox 897 3794 931 3837; x_wconf 87' lang='lat' dir='ltr'>re</span> <span class='ocrx_word' id='word_1_340' title='bbox 952 3771 1053 3858; x_wconf 83' lang='lat' dir='ltr'>igitur</span> <span class='ocrx_word' id='word_1_341' title='bbox 1072 3774 1172 3862; x_wconf 88' lang='lat' dir='ltr'>prius.</span> 
     </span>
    </p>
   </div>
   <div class='ocr_carea' id='block_1_3' title="bbox 40 3845 1175 4031">
    <p class='ocr_par' dir='ltr' id='par_1_8' title="bbox 40 3845 1175 4031">
     <span class='ocr_line' id='line_1_41' title="bbox 150 3845 1174 3946; baseline 0.01 -30"><span class='ocrx_word' id='word_1_342' title='bbox 150 3845 312 3944; x_wconf 46' lang='lat' dir='ltr'>‚Cenumpi</span> <span class='ocrx_word' id='word_1_343' title='bbox 326 3869 431 3918; x_wconf 79' lang='lat' dir='ltr'>mores</span> <span class='ocrx_word' id='word_1_344' title='bbox 445 3856 480 3920; x_wconf 89' lang='lat' dir='ltr'>in</span> <span class='ocrx_word' id='word_1_345' title='bbox 494 3855 609 3922; x_wconf 87' lang='lat' dir='ltr'>scholis</span> <span class='ocrx_word' id='word_1_346' title='bbox 624 3867 739 3942; x_wconf 85' lang='lat' dir='ltr'>putant</span> <span class='ocrx_word' id='word_1_347' title='bbox 754 3883 762 3921; x_wconf 90' lang='lat'><strong>:</strong></span> <span class='ocrx_word' id='word_1_348' title='bbox 786 3879 862 3922; x_wconf 88' lang='lat' dir='ltr'>uam</span> <span class='ocrx_word' id='word_1_349' title='bbox 879 3871 912 3920; x_wconf 92' lang='lat' dir='ltr'>et</span> <span class='ocrx_word' id='word_1_350' title='bbox 926 3873 1174 3946; x_wconf 88' lang='lat' dir='ltr'>corrumpuntur</span> 
     </span>
     <span class='ocr_line' id='line_1_42' title="bbox 40 3935 1175 4031; baseline 0.02 -41"><span class='ocrx_word' id='word_1_351' title='bbox 40 3943 43 3974; x_wconf 51' lang='grc' dir='ltr'><strong>ὲ</strong></span> <span class='ocrx_word' id='word_1_352' title='bbox 152 3935 293 4005; x_wconf 63' lang='lat' dir='ltr'>interime</span> <span class='ocrx_word' id='word_1_353' title='bbox 314 3937 369 4006; x_wconf 89' lang='lat' dir='ltr'>sed</span> <span class='ocrx_word' id='word_1_354' title='bbox 391 3939 481 4008; x_wconf 86' lang='lat' dir='ltr'>domi</span> <span class='ocrx_word' id='word_1_355' title='bbox 503 3964 656 4030; x_wconf 78' lang='lat' dir='ltr'>quoquer</span> <span class='ocrx_word' id='word_1_356' title='bbox 682 3941 817 4008; x_wconf 74' lang='lat' dir='ltr'>adsunt&#39;</span> <span class='ocrx_word' id='word_1_357' title='bbox 836 3941 940 4010; x_wconf 84' lang='lat' dir='ltr'>multa</span> <span class='ocrx_word' id='word_1_358' title='bbox 961 3941 1031 4031; x_wconf 89' lang='lat' dir='ltr'>ejus</span> <span class='ocrx_word' id='word_1_359' title='bbox 1050 3945 1098 4010; x_wconf 90' lang='lat' dir='ltr'>rei</span> <span class='ocrx_word' id='word_1_360' title='bbox 1119 3968 1175 4013; x_wconf 86' lang='lat' dir='ltr'>ex·</span> 
     </span>
    </p>
   </div>
   <div class='ocr_carea' id='block_1_4' title="bbox 159 4140 1177 4276">
    <p class='ocr_par' dir='ltr' id='par_1_9' title="bbox 159 4140 1177 4276">
     <span class='ocr_line' id='line_1_43' title="bbox 159 4140 1176 4216; baseline 0.005 -20"><span class='ocrx_word' id='word_1_361' title='bbox 159 4195 167 4210; x_wconf 61' lang='grc'><em>,</em></span> <span class='ocrx_word' id='word_1_362' title='bbox 182 4140 195 4170; x_wconf 69' lang='lat'>⁸</span> <span class='ocrx_word' id='word_1_363' title='bbox 209 4144 364 4197; x_wconf 55' lang='lat' dir='ltr'>sulmonense&amp;</span> <span class='ocrx_word' id='word_1_364' title='bbox 375 4148 409 4196; x_wconf 86' lang='lat' dir='ltr'>G.</span> <span class='ocrx_word' id='word_1_365' title='bbox 429 4145 432 4153; x_wconf 40' lang='lat'>¹</span> <span class='ocrx_word' id='word_1_366' title='bbox 487 4143 506 4178; x_wconf 71' lang='lat'>&#39;⁸</span> <span class='ocrx_word' id='word_1_367' title='bbox 524 4148 655 4200; x_wconf 74' lang='lat' dir='ltr'>eledlot&#39;um</span> <span class='ocrx_word' id='word_1_368' title='bbox 665 4149 729 4198; x_wconf 79' lang='lat' dir='ltr'>lens·</span> <span class='ocrx_word' id='word_1_369' title='bbox 815 4155 825 4180; x_wconf 74' lang='lat'><em>⁰</em></span> <span class='ocrx_word' id='word_1_370' title='bbox 844 4165 905 4211; x_wconf 86' lang='lat' dir='ltr'>quos</span> <span class='ocrx_word' id='word_1_371' title='bbox 916 4149 947 4200; x_wconf 88' lang='lat' dir='ltr'>G.</span> <span class='ocrx_word' id='word_1_372' title='bbox 963 4160 989 4198; x_wconf 78' lang='lat' dir='ltr'>ut</span> <span class='ocrx_word' id='word_1_373' title='bbox 999 4149 1052 4199; x_wconf 78' lang='lat' dir='ltr'>adeo</span> <span class='ocrx_word' id='word_1_374' title='bbox 1063 4151 1176 4216; x_wconf 74' lang='lat' dir='ltr'>adportas</span> 
     </span>
     <span class='ocr_line' id='line_1_44' title="bbox 249 4201 1177 4276; baseline 0.006 -16"><span class='ocrx_word' id='word_1_375' title='bbox 249 4215 319 4275; x_wconf 56' lang='grc' dir='ltr'>νᾳ,</span> <span class='ocrx_word' id='word_1_376' title='bbox 359 4249 365 4261; x_wconf 95' lang='grc'>.</span> <span class='ocrx_word' id='word_1_377' title='bbox 431 4201 614 4264; x_wconf 62' lang='lat' dir='ltr'>«erronee.</span> <span class='ocrx_word' id='word_1_378' title='bbox 678 4213 1046 4276; x_wconf 46' lang='lat' dir='ltr'>‘urceneretraaoassene</span> <span class='ocrx_word' id='word_1_379' title='bbox 1111 4219 1177 4266; x_wconf 71' lang='lat' dir='ltr'>feu</span> 
     </span>
    </p>
   </div>
   <div class='ocr_carea' id='block_1_5' title="bbox 0 0 1484 4916">
    <p class='ocr_par' dir='ltr' id='par_1_10' title="bbox 0 0 1484 4916">
     <span class='ocr_line' id='line_1_45' title="bbox 0 0 1484 4916; baseline 0 0"><span class='ocrx_word' id='word_1_380' title='bbox 0 0 1484 4916; x_wconf 95' lang='lat' dir='ltr'> </span> 
     </span>
    </p>
   </div>
  </div>
 </body>
</html>
