2870 4916
366 337 535 398 insuia.
556 322 757 434 aaaron.
779 342 860 402 iio.
881 315 905 402 1.
928 355 958 422 5.
1137 362 1177 424 39

92 510 138 581 35
153 497 297 566 tendunt.
345 501 430 568 Cum
451 503 511 570 five
530 528 644 570 amorre
662 505 786 584 corticis,
806 506 860 570 seu
879 504 971 570 modio
993 505 1106 586 cortice,
1121 529 1178 594 pet

148 608 251 672 genus
275 585 354 650 facit
375 587 599 668 soloecismum,
629 594 777 678 (quorum
802 605 949 655 neutrum
972 589 1104 676 quidem
1126 615 1176 656 re·

147 671 326 756 prehende,
342 695 417 736 cuni
440 675 477 738 fit
498 675 660 760 utriusque
682 675 838 764 Virgilius
853 675 984 752 audium
1008 676 1058 740 sed
1075 677 1177 764 finga-

147 777 220 820 mus
235 756 426 822 utrumlibet
440 781 504 824 non
519 761 603 824 redte
618 759 754 841 dietum)
777 760 913 824 mutatio
933 759 1019 824 vocis
1037 761 1176 844 alterius,

146 839 181 904 in
198 861 263 926 qua
276 841 390 906 vitium
412 859 490 922 erat,
507 845 624 910 retiam
648 845 799 930 loquendi
821 843 985 920 rationem,
999 846 1038 909 se
1060 847 1176 928 reddit,
1287 851 1291 860 '

149 937 187 988 ut
210 927 309 990 amori
333 928 444 992 corticis
465 929 530 1010 siat,
552 930 600 992 vel
625 931 721 994 nordio
748 931 869 994 cortice:
899 929 986 1018 quod
1008 931 1178 998 manifesta

147 1009 319 1078 calumniae
334 1013 394 1076 este
417 1029 567 1080 neutrum
586 1015 671 1078 enini
692 1015 836 1080 vitiosum
858 1014 1032 1100 separatum
1055 1019 1110 1095 est,
1125 1015 1178 1082 sed

90 1092 135 1175 36
148 1097 378 1182 compositione
393 1112 551 1186 peccatur,
568 1123 639 1186 quie
661 1099 723 1164 ‘ain
738 1100 889 1164 sermonis
904 1099 958 1162 est.
1002 1100 1087 1164 Illud
1103 1124 1178 1176 eru,

147 1179 247 1246 ditius
287 1184 427 1262 uaeritur,
442 1208 482 1249 an
505 1185 538 1248 in
565 1123 693 1272 fingulis
717 1206 846 1272 quoque
871 1183 975 1248 verbis
998 1185 1087 1270 pessit
1112 1185 1178 1264 sieri
1258 1215 1261 1224 ¹

147 1205 366 1332 soloeciiiiius:
391 1282 427 1332 ut
450 1271 469 1334 fi
485 1293 585 1334 unum
601 1271 672 1358 quis
687 1271 728 1334 ad
749 1271 780 1334 se
803 1291 931 1350 nocane,
946 1269 1043 1350 dicat,
1059 1271 1178 1335 verite:

147 1363 206 1414 aut
221 1353 240 1416 fi
256 1351 363 1438 plures
387 1377 406 1418 a
424 1354 455 1420 se
477 1355 655 1432 dimittens,
672 1355 718 1418 ita
742 1355 902 1452 loquatur,
923 1354 1001 1433 Ati,
1018 1367 1085 1432 aut,
1102 1357 1177 1442 Dis·

148 1437 229 1502 cedo.
273 1439 412 1503 Necnon
434 1463 509 1505 cum
532 1439 710 1526 responsum
731 1441 771 1505 ab
792 1437 1042 1524 interrogatione
1063 1439 1178 1504 dissen-

147 1521 212 1587 tit:
236 1534 275 1586 ut
299 1523 319 1586 fi
347 1523 477 1604 dicenti,
508 1526 601 1610 Quem
621 1525 737 1590 video?
767 1524 813 1588 ita
833 1545 990 1604 occurras,
1013 1525 1094 1612 Ego.
1140 1527 1179 1590 In

149 1609 240 1694 gestu
264 1607 362 1674 etiam
387 1611 534 1676 nonnulli
560 1622 674 1696 putant
696 1610 781 1676 idem
809 1609 920 1674 vitium
945 1609 1052 1690 inesse,
1076 1633 1179 1698 quum

94 1704 135 1770 37
150 1691 237 1757 aliud
253 1715 343 1770 voce,
357 1695 444 1760 aliud
459 1709 541 1760 nutu
555 1696 605 1760 vel
620 1719 717 1760 manu
731 1695 970 1760 demonstratur.
1006 1694 1178 1781 Huiciopi-

149 1777 240 1842 nioiii
271 1801 375 1864 neque
402 1781 535 1844 omnino
561 1781 679 1846 accedo
693 1795 725 1858 ¹⁰,
755 1801 861 1866 neque
893 1779 985 1864 plane
1011 1779 1177 1844 dissentio:

149 1885 226 1926 nain
241 1863 276 1928 id
291 1863 391 1928 fateor
403 1863 485 1950 posse
505 1865 647 1930 accidere
665 1888 743 1931 voce
765 1865 840 1944 u'na,
856 1887 920 1928 non
945 1877 1050 1928 tamen
1077 1864 1179 1946 aliter,

149 1949 284 2034 quamsi
311 1949 346 2012 sit
361 1949 493 2036 aliquid,
508 1949 596 2038 quod
617 1949 681 2016 vim
705 1950 835 2014 alterius
858 1947 945 2014 vocis
968 1947 1123 2028 obtineat,
1138 1949 1181 2019 ad

149 2032 238 2117 quod
261 2056 324 2098 vox
346 2034 403 2100 illa
424 2033 598 2100 reseraturi
622 2050 659 2100 ut
671 2033 852 2123 strloecr'smus
873 2055 913 2098 ex
934 2033 1104 2120 complexu
1125 2033 1180 2099 fiat
1230 2107 1231 2112 η

150 2138 275 2198 eorimi,
295 2119 413 2206 quibus
440 2142 490 2186 res
518 2121 742 2206 significantur,
767 2133 800 2186 et
825 2119 969 2183 voluntas
994 2117 1180 2194 ostenditur.

95 2195 138 2280 38
150 2201 263 2288 Atque
277 2215 315 2267 ut
328 2225 457 2270 omnem
474 2205 626 2292 effugiam
650 2205 895 2282 cavillationem,
912 2205 947 2266 fit
961 2203 1131 2290 aliquando
1145 2205 1180 2268 in

151 2309 217 2350 uno
243 2289 352 2366 verb0‚
379 2312 555 2376 numquam
579 2292 612 2356 in
639 2291 705 2356 solo
727 2291 834 2356 verb0‚
876 2291 934 2352 Per
978 2301 1034 2352 unt
1057 2304 1179 2369 autem,
1209 2309 1211 2314 ·
1274 2350 1276 2355 ,

150 2383 185 2436 et
201 2395 280 2460 quas
295 2373 417 2438 accidat
430 2374 559 2474 species,
574 2398 638 2439 non
653 2375 726 2442 satis
748 2374 909 2440 conienit.
989 2373 1021 2437 ui
1042 2373 1179 2462 plenissi-

150 2478 204 2520 me
217 2469 242 2536 ¹¹,
269 2459 531 2559 quadripertitam
559 2461 672 2526 volunt
700 2460 760 2542 esse
787 2460 954 2538 rationem,
982 2480 1042 2524 nec
1071 2458 1178 2536 aliam,
1242 2457 1250 2472 “

151 2563 251 2626 quain
272 2543 467 2624 barbarismi,
483 2558 521 2608 ut
545 2545 599 2610 fiat
613 2544 801 2634 adjetiione,
815 2557 865 2624 ut,
884 2544 958 2610 Verri
981 2545 1018 2606 dc
1040 2543 1121 2632 ¹Srrsts
1147 2543 1181 2608 r'n

152 2627 398 2694 Alexandriani:
426 2628 632 2710 detradiione,
654 2632 782 2696 Ambulo
806 2629 901 2710 viam,
921 2629 1056 2716 AEgypto
1081 2629 1179 2709 verrio,

92 2717 139 2789 39
153 2709 221 2776 Nc0
236 2713 393 2800 hocficr't:
416 2715 688 2798 transmutatione,
705 2739 769 2805 qua
783 2715 861 2781 ordo
883 2715 1039 2795 turbatur,
1062 2714 1180 2801 choqm

183 2893 202 2920 Μ
218 2887 325 2934 concedo
337 2887 368 2934 G.
433 2897 447 2926 ¹¹
463 2887 596 2950 planiffime
605 2889 636 2938 G.
700 2887 714 2918 ‘
731 2903 772 2938 me
789 2885 843 2952 cory'.
855 2887 936 2935 Burin.
958 2897 979 2932 er
998 2851 1095 2952 def-codic
1106 2883 1180 2948 epia.

151 2949 182 2998 ad
193 2949 326 3018 Capper.p.
343 2962 382 3010 77.

188 3093 202 3140 3
208 3093 233 3142 ς.
255 3095 350 3130 amare
361 3077 467 3148 corticis]
486 3079 543 3132 Ecl.
559 3099 584 3144 i,
596 3083 641 3134 62.
692 3079 767 3133 ratio.
788 3079 863 3151 Qod
880 3077 945 3131 enim
961 3075 1126 3148 proferturex
1137 3075 1179 3130 A·

151 3143 239 3208 nediu,
251 3147 376 3215 Georga,
390 3167 433 3212 74.
691 3150 768 3220 puleii
790 3149 905 3218 apologia
928 3168 954 3217 p.
980 3167 1041 3216 299,
1065 3165 1110 3214 ις.
1133 3147 1179 3200 El-

190 3235 231 3284 39.
256 3215 295 3267 Nc
316 3217 359 3270 hoc
371 3217 448 3285 fecit]
481 3217 575 3288 Negari
594 3235 643 3270 non
692 3219 773 3270 meoli.
786 3237 818 3282 rie
834 3235 875 3286 ego
892 3215 1079 3286 reprehendar?
1099 3218 1124 3268 iu
1137 3217 1180 3269 illo

154 3287 239 3356 potest,
268 3303 298 3336 ne
325 3287 493 3357 interrogandi
520 3287 643 3340 interdum
692 3290 777 3360 potius
795 3289 881 3340 nedum
898 3287 1028 3357 significat.
1046 3287 1180 3338 Terentia-

154 3357 274 3426 praeponi,
287 3368 316 3408 ut
327 3356 446 3427 significet
457 3374 492 3408 an
503 3357 541 3409 vel
553 3355 643 3408 anne?
692 3375 739 3410 nus
747 3372 830 3410 antem
841 3357 910 3408 locus
919 3357 994 3408 nimis
1003 3357 1091 3408 variat.
1104 3356 1177 3408 And.

155 3420 249 3476 Verum
269 3426 296 3477 id
314 3426 439 3478 observavi
452 3427 532 3478 adhuc
546 3428 571 3478 in
591 3427 643 3478 sen-
691 3444 720 3490 4,
735 3447 760 3492 5,
771 3444 817 3492 45.
836 3426 962 3480 Bentleius
980 3429 1016 3476 ita
1026 3425 1104 3477 dedit.
1127 3427 1178 3478 Ch.

154 3495 232 3547 tentia
242 3505 340 3548 tantum
352 3495 458 3558 infinita,
469 3497 515 3548 ubi
526 3495 643 3549 dubitari·
692 3495 788 3548 Audivi
808 3497 867 3566 jam
894 3493 999 3546 omnia?
1028 3496 1079 3546 Da.
1111 3495 1180 3548 Anne

153 3563 279 3634 dipotius
294 3565 345 3617 vim
363 3565 447 3626 habet,
459 3577 484 3618 et
497 3565 528 3617 ad
546 3566 644 3618 verendi
693 3567 755 3634 (non
766 3565 803 3617 Ab
824 3565 866 3632 nc)
887 3574 914 3616 tu
933 3563 1038 3616 omnia?
1065 3565 1180 3632 Denique

154 3633 356 3702 figiiificationem
373 3652 447 3704 prope
462 3635 566 3687 accedit.
604 3636 643 3686 Sic
692 3635 709 3686 si
730 3653 760 3686 ne
778 3634 977 3703 interrogationis
997 3633 1096 3685 dii-euae
1116 3649 1179 3702 piae·

155 3705 236 3756 Varro
257 3703 292 3756 R.
311 3705 346 3756 R.
369 3722 395 3765 2,
413 3724 439 3771 9,
463 3707 505 3756 16.
524 3722 577 3755 cum
595 3703 644 3756 cir-
693 3715 808 3774 ponatur,
827 3704 895 3772 quod
917 3720 966 3754 non
987 3702 1106 3754 ostensum
1128 3703 1180 3758 estc

153 3770 316 3842 conspiceret,
328 3791 358 3824 ne
367 3773 582 3843 quidpraeterir'fflt
593 3775 642 3826 icc.
691 3791 739 3824 non
752 3774 885 3842 pertinebit
897 3773 944 3824 hoc
952 3772 1091 3844 exemplum
1099 3769 1180 3823 adde-

155 3860 213 3910 quae
235 3839 366 3894 laudamus
384 3843 410 3894 in
432 3843 527 3903 Indice,
550 3845 644 3912 quibus
692 3843 845 3904 tiatlionem,
858 3841 896 3894 sed
904 3842 935 3893 ad
944 3841 1180 3894 transmutationem.
1276 3865 1284 3872 ·

155 3912 213 3964 adili
233 3909 329 3980 potsunt
352 3929 382 3962 ex
402 3910 453 3980 ipso
472 3911 644 3984 Qiniiiliaao
693 3915 757 3984 Qae
769 3930 826 3964 cuin
845 3913 881 3964 ita
897 3911 951 3973 sirit,
963 3912 1116 3964 vehementer
1127 3910 1181 3980 pla-

158 3999 183 4046 5,
202 3999 227 4044 7,
243 3996 287 4043 ¹3·
318 3979 512 4050 Explorandum,
534 3999 565 4034 ne
590 3999 643 4034 cor-
693 3995 731 4033 eet
744 3981 883 4048 conjetiora
895 3981 1032 4034 Burmanni
1041 3979 1113 4050 supra
1123 3998 1181 4049 pro·

152 4049 276 4119 ruptifint
288 4049 417 4102 &c.Plin.
433 4050 511 4120 Epist.
528 4070 643 4114 10,120‚
726 4051 825 4103 sitaMe
840 4049 882 4103 hoc
910 4049 1034 4120 uiaque
1050 4067 1099 4102 non
1118 4050 1182 4102 inso-

156 4137 181 4183 3.
213 4118 264 4172 Hic
272 4135 363 4187 quoquc
373 4137 419 4172 non
435 4119 585 4174 mediocriter
595 4121 643 4172 hae-
687 4069 754 4183 lein,
766 4121 857 4174 Plauto
868 4119 1010 4192 prasertim,
1022 4118 1110 4192 ellipsis
1121 4119 1164 4174 cst.

141 4205 204 4250 reo,
228 4204 259 4240 nc
280 4187 420 4260 cujusquam
436 4199 502 4244 retro
523 4189 645 4244 habeatur
693 4237 698 4244 .
828 4248 830 4252 ,

708 4276 766 4339 124
