3000 4908
281 353 340 412 322
513 325 1153 394 n.rasrruurucr1s1aur·.
1263 381 1265 391 .

280 497 410 584 quando
424 496 589 584 patrocinii
609 495 687 562 fides
705 495 805 582 cogit.
849 495 910 560 Illa
933 515 1009 558 vero
1028 491 1172 560 adversus
1192 511 1304 556 omncs
1316 501 1359 566 41

283 600 317 646 et
338 599 473 668 recepta,
489 597 523 648 et
542 603 605 644 non
632 581 827 646 inhumanab
853 580 1045 664 conquestio,
1061 578 1080 642 sr
1096 576 1211 645 callide
1223 577 1303 662 quid

281 667 409 732 tacuisse
421 684 445 747 ⁸,
472 665 631 744 breviasse,
656 665 838 742 obscurasse,
862 664 1008 730 distulisse
1032 662 1191 728 dicuntur.
1234 663 1303 726 De-

281 752 429 818 fensronis
445 773 572 836 quoque
589 751 777 838 permutatio
792 747 1030 836 reprehenditur
1052 748 1143 834 saepe,
1159 745 1218 810 ut‘¹
1236 747 1303 811 ‘At-

274 837 347 900 'tius
371 836 516 900 adversus
540 835 737 912 Cluentium,
757 836 922 900 AEt'chines
947 833 1091 897 adversus
1117 831 1304 917 Ctesphon·

283 936 351 986 tem
378 921 472 984 facit:
505 943 578 986 cum
603 920 656 984 ille
680 919 867 984 Ciceronem
890 919 963 1004 lege
982 917 1109 982 uliuum
1125 917 1233 994 modo,
1250 913 1325 980 bic·

283 1006 417 1070 minime
437 1005 484 1070 do
498 1005 570 1104 lege
593 1005 752 1068 didiumm
770 1005 1015 1068 Demosthenem
1038 1003 1191 1088 queritur.
1235 1001 1302 1066 De·
1316 1013 1363 1076 42

285 1089 469 1154 clamatores
484 1089 559 1154 vcro
572 1089 604 1152 in
620 1089 729 1176 primis
750 1088 821 1152 sunt
842 1085 1046 1164 admonendi,
1063 1109 1102 1150 ne
1124 1083 1303 1150 contradic·

285 1175 389 1238 tiones
402 1197 455 1238 eus
470 1188 599 1260 ponant,
614 1175 731 1260 quibus
746 1172 896 1236 facillime
916 1171 1091 1258 responderi
1107 1170 1218 1257 possit3
1242 1193 1306 1235 neu

275 1259 341 1324 *srbi
361 1259 489 1334 stultum
507 1259 715 1324 adversarium
738 1257 872 1344 fingant.
916 1256 1062 1320 Facimus
1083 1271 1202 1334 autem,
1217 1253 1306 1341 quod

287 1343 425 1408 maxime
448 1346 562 1408 uberes
584 1345 659 1422 loci,
682 1341 909 1442 popularesque
934 1339 1097 1404 sententies
1126 1339 1304 1418 nascuntur,

286 1429 450 1492 materiam
468 1427 594 1492 dicendi
616 1429 824 1514 nob1s‚quoe
850 1427 1009 1506 volumus,
1030 1423 1242 1494 ducentibus:
1269 1440 1306 1488 ut

285 1535 349 1576 non
366 1514 401 1578 fit
416 1512 538 1578 inutilis
551 1512 607 1578 ille
620 1513 732 1590 versut,

308 1671 314 1682 ·
372 1647 440 1714 Non
453 1648 529 1712 male
540 1650 697 1738 respondit,
713 1647 791 1712 male
804 1635 879 1712 enim
888 1649 972 1736 prior
988 1647 1039 1711 ille
1053 1661 1186 1735 rogarat.
1273 1717 1276 1724 ¹

278 1766 387 1830 ¹Fallet
401 1767 469 1832 haec
485 1791 542 1832 nos
558 1769 590 1832 in
607 1768 675 1832 soro
688 1766 893 1844 consuetudo,
906 1767 959 1832 ubi
975 1766 1157 1844 adversario,
1173 1786 1235 1828 non
1252 1765 1305 1850 ipsr
1318 1781 1360 1845 43

285 1853 377 1915 nobis
392 1853 663 1938 respondebimus.
706 1853 809 1916 Aiunt
823 1853 977 1916 Acciumf
991 1853 1231 1936 interrogatum,
1249 1873 1307 1915 cur

276 1935 402 2000 -caussas
418 1959 480 2000 non
496 1951 616 2024 ageret,
633 1961 705 2002 cum
722 1937 804 2022 apud
819 1959 892 2000 eum
912 1937 945 1999 in
965 1936 1129 2022 tragudiis
1151 1949 1238 1998 tanta
1260 1936 1306 1999 vis

284 2019 360 2090 esset
374 2023 495 2108 optime
510 2021 717 2108 respondendi
727 2032 752 2099 Ξ,
768 2022 849 2085 banc
866 2021 1029 2086 reddidisse
1044 2022 1208 2098 rationem,
1229 2023 1309 2107 quod

286 2104 349 2167 illic
363 2130 396 2168 ea
412 2107 586 2186 dicerentur,
602 2133 671 2193 quce
691 2107 749 2194 ipsc
764 2105 866 2184 vellet,
882 2107 914 2170 in
924 2106 997 2190 foro
1016 2107 1124 2168 dicturi
1139 2107 1307 2191 adversarii
1358 2184 1360 2190 y

285 2189 385 2272 effent,
401 2215 465 2276 quae
481 2192 596 2254 minime
609 2192 710 2255 vellet.
755 2191 937 2255 Ridiculum
954 2192 996 2254 est
1009 2213 1088 2276 ergo
1102 2191 1140 2266 in
1152 2191 1302 2253 exercita·
1316 2208 1362 2266 44

282 2273 437 2351 tionibus,
453 2297 524 2360 quae
546 2275 616 2340 foro
641 2288 863 2361 praeparantur,
876 2276 960 2361 prius
983 2277 1135 2361 cogitare,
1152 2274 1304 2361 quidre-

284 2355 440 2442 sponderi,
466 2383 562 2446 quam
588 2359 727 2445 quidex
758 2359 877 2424 diverso
902 2361 966 2424 dici
991 2361 1091 2446 possit.
1136 2361 1178 2422 Et
1203 2362 1306 2424 bonus

284 2459 462 2541 praeceptor
485 2467 547 2508 non
572 2445 680 2510 minus
705 2445 832 2510 laudare
856 2444 1043 2530 discipulum
1069 2444 1305 2530 debet,s1quid

283 2549 343 2613 pro
365 2528 494 2604 diersa,
508 2549 605 2615 quarn
620 2531 646 2592 s
669 2529 747 2615 quid
761 2552 817 2614 pro
831 2529 884 2592 sua
898 2545 986 2615 parte
1006 2530 1120 2594 acriter
1141 2531 1305 2616 excogita-

264 2611 367 2676 ‘vita
412 2615 529 2677 Rursus
554 2613 673 2698 aliquid
702 2614 733 2677 in
763 2613 877 2677 scholis
903 2615 1152 2700 permittendum
1175 2615 1305 2700 semper,
1317 2626 1360 2693 45

183 2725 186 2736 ¹
284 2697 317 2760 in
334 2696 401 2760 foro
424 2720 505 2761 raro.
548 2700 632 2762 Nam
657 2699 730 2762 loco
749 2721 767 2762 a
788 2700 922 2783 petitore
942 2700 1045 2784 primo
1059 2699 1308 2763 contradidione

284 2781 333 2844 uti
348 2783 404 2867 qni.
419 2782 589 2868 possumus,
605 2785 661 2848 ubi
676 2805 748 2846 vera
761 2805 810 2846 res
824 2783 943 2869 agitur,
955 2805 1028 2848 cum
1044 2783 1234 2848 sdversarius
1249 2783 1305 2862 adq

274 2863 350 2930 'huc
366 2867 444 2930 nihil
461 2868 598 2931 dixerit?
624 2867 774 2932 Incidunt
786 2883 894 2931 tamen
909 2867 1052 2954 plerique
1064 2869 1098 2932 in
1113 2869 1177 2932 boc
1193 2868 1304 2936 vitium
1317 2868 1364 2946 46

284 2950 335 3012 vel
358 2951 583 3016 consuetudine
605 2951 838 3032 declamatoria,
862 2953 912 3016 rel
941 2953 1036 3016 etiam
1060 2975 1099 3016 cu
1124 2953 1234 3018 iditate
1255 2953 1306 3016 di-

286 3036 400 3098 cendi:
425 3037 563 3121 dantque
577 3037 618 3100 de
639 3036 668 3100 se
683 3038 942 3122 respondentibus
963 2975 1187 3104 venustissimos
1209 3036 1306 3116 lusus,

286 3141 361 3184 utrm
377 3121 484 3197 modo,
500 3123 538 3206 se
551 3146 620 3184 vern
635 3122 713 3184 nihil
723 3123 840 3208 draiffa
856 3147 946 3206 neque
968 3137 1029 3186 tam
1042 3121 1136 3207 stulte
1154 3123 1305 3202 adiuturam

286 3203 395 3281 modu,
413 3206 481 3266 berse
495 3207 653 3269 admonitos
671 3207 709 3268 ab
729 3208 912 3304 advefscrio,
928 3219 957 3268 et
977 3231 1065 3294 agere
1082 3208 1215 3292 gratias,
1230 3209 1310 3293 quod

287 3289 385 3374 mlj'uti
395 3289 469 3375 sint,
479 3289 628 3376 jocantur
640 3313 649 3370 3
663 3291 915 3376 ‘frequenti-{Eme
930 3311 1015 3373 vero,
1029 3291 1064 3354 id
1086 3291 1173 3378 quod
1196 3291 1307 3354 sirmis·

287 3373 398 3438 fimum
416 3377 467 3452 est,
484 3401 642 3460 numquam
656 3375 690 3438 iis
706 3377 902 3462 responsitmm
915 3377 1009 3442 adver
1019 3377 1119 3442 ,arium
1146 3375 1177 3440 ui
1202 3403 1228 3456 e,
1241 3399 1309 3463 qua

282 3459 426 3544 propofitu
441 3485 498 3524 non
519 3463 617 3544 efflent,
634 3461 687 3544 nss
698 3461 755 3523 illa
766 3461 860 3545 scira
880 3485 983 3544 uerae
1008 3487 1032 3540 e,
1049 3473 1077 3528 el
1091 3486 1110 3524 a
1162 3463 1307 3538 utendum

288 3544 456 3632 snpientia
471 3546 537 3630 estet
550 3545 710 3631 inpulsus:
734 3549 770 3609 ut
782 3567 839 3630 pro
853 3544 1005 3616 Cluentio
1017 3546 1147 3625 cicero,
1162 3544 1243 3612 Nam
1255 3545 1309 3610 boc
1318 3557 1361 3624 47

262 3764 264 3769 f
299 3729 330 3762 'l
349 3735 458 3780 humana
469 3731 499 3778 id.
524 3716 528 3724 ¹
597 3729 944 3780 ‘acuiffetentaccutueu
1041 3724 1308 3796 [ticutApplusJens.

286 3799 381 3858 ‘quod
393 3799 423 3844 G.
488 3795 498 3824 f
514 3795 609 3843 Attium
619 3795 649 3846 G.
716 3811 785 3843 tom.
796 3795 859 3842 lens.
875 3797 915 3842 Sic
926 3795 1037 3854 nimirum,
1049 3804 1115 3845 tanta
1126 3794 1246 3844 viscsset?
1264 3810 1308 3856 op.

285 3862 345 3909 time
357 3859 477 3909 reddidiffe
488 3858 536 3908 &a
601 3861 611 3889 θ
630 3859 669 3906 Sic
681 3859 712 3906 G.
728 3859 866 3922 excogitatis
876 3861 907 3908 al.
1300 3855 1304 3868 ¹

318 4007 366 4090 417.
386 4022 544 4079 masaa.
558 4021 705 4089 caucanam]
719 4026 769 4076 to.
805 4013 951 4095 ‘eratin
963 4025 1095 4094 prosas.

285 4093 532 4168 cumtipsumexc.
550 4113 588 4160 5²·
610 4111 668 4146 mox
686 4094 705 4146 s.
723 4113 769 4156 47.
825 4094 1305 4163 Ἰ47.Ῑινοίῖἰιιιιιιίῡ]ε.ςιιιῑειιος

284 4161 391 4234 proferet
402 4162 780 4234 Fabius-Eschinuaquerela
819 4163 852 4218 do
861 4165 967 4237 didium.
1017 4211 1045 4220 .,
1106 4227 1107 4234 ¹
1300 4183 1304 4214 ;
