2938 4910
432 353 602 418 merrr.
623 333 827 418 oratori.
848 352 932 416 mn.
953 350 1022 418 vn.
1043 371 1072 438 ς.
1200 373 1264 440 or

203 517 331 610 scriptio
354 520 453 587 habet
475 521 730 588 controversiam.
779 523 827 586 Ac
850 520 992 602 suerunt,
1009 519 1066 610 qui
1091 519 1259 610 praescrip-v

214 608 314 672 tionis
329 609 441 672 statum
457 607 608 686 facerent,
624 621 789 694 tamquam
813 630 853 672 ca
873 631 937 671 non
961 607 1070 672 iisdem
1090 607 1254 688 omnibus,

181 694 335 779 squibus
357 707 470 758 ceterae
493 693 596 792 leges,
615 692 844 780 quaestionibus
867 681 1086 758 'contineretur
1095 705 1120 759 ⁰.
1166 693 1255 759 Cum

215 799 256 842 ex
271 779 503 866 prescriptione
519 779 559 843 lrs
575 779 705 865 pendet,
722 778 764 840 de
785 778 849 864 ipsa
870 800 904 842 re
926 780 1027 878 quaeri
1049 801 1114 843 non
1136 777 1254 844 estne·
1271 819 1274 828 ‚

216 864 305 930 cesse.
350 864 570 952 Ignominioso
589 865 687 949 patri
714 863 797 927 filius
819 865 1013 950 praescribit:
1038 864 1078 941 de
1100 887 1141 928 eo
1160 863 1256 928 solog

207 946 370 1036 judicatio
392 951 447 1029 est,
464 974 505 1014 an
525 948 641 1013 liceat?
664 949 802 1016 Quoties
823 963 933 1014 tamen
950 949 1138 1036 poterimus,
1153 949 1254 1014 effici-

215 1035 334 1100 endum
351 1037 405 1110 est,
421 1050 458 1099 ut
473 1035 514 1099 de
529 1040 586 1100 reh
609 1057 740 1122 quoque
762 1037 846 1099 bene
865 1034 999 1099 sentiat:
1024 1037 1064 1100 src
1085 1035 1171 1100 enim
1186 1034 1256 1122 juri

213 1121 318 1186 nostro
334 1122 489 1186 libentius
504 1121 712 1208 indulgebit:
736 1121 793 1185 uti
817 1119 851 1184 in
872 1121 1101 1207 sponsionibuS‚
1140 1143 1191 1185 uae
1214 1141 1256 1186 ex

212 1204 392 1272 interdictis
408 1207 499 1286 fiunt,
516 1208 649 1272 etiamst
671 1229 734 1270 non
755 1206 956 1292 proprietatis
978 1207 1021 1270 est
1042 1144 1256 1292 qualitates

213 1302 339 1357 tantum
359 1291 568 1380 poffeffionis:
592 1305 713 1374 tamen,
728 1313 792 1356 non
815 1293 915 1356 solum
935 1290 1096 1379 possedisse
1114 1313 1186 1371 nos,
1200 1291 1256 1356 sed

179 1379 311 1460 4etiam
340 1380 480 1442 nostrum
506 1379 679 1466 possedisse,
706 1378 848 1442 doceret
877 1378 1049 1465 oportebit.
1096 1376 1159 1441 Sed
1187 1377 1253 1441 sre-

215 1463 372 1550 quentiua
391 1464 491 1530 etiam
516 1466 670 1551 quaeritur
690 1464 730 1528 de
755 1463 923 1528 intentione.
973 1462 1031 1529 Vir
1042 1461 1140 1548 fortis
1163 1474 1254 1552 optet,

235 1551 297 1612 uod
307 1551 313 1590 ¹
329 1549 430 1615 volet:
454 1573 540 1638 nego
560 1549 608 1614 illi
634 1549 788 1628 dandum,
805 1547 965 1637 quidquid
988 1548 1164 1635 optaverit:
1188 1569 1254 1611 non

213 1573 320 1698 sabao
336 1635 615 1724 praescriptionem,
631 1635 685 1700 sed
704 1649 812 1699 tamen
831 1635 997 1698 voluntate
1011 1647 1123 1698 contra
1146 1634 1254 1713 verba,

213 1721 458 1808 prescriptionis
469 1721 584 1800 modo,
598 1733 684 1786 utor.
728 1719 767 1784 In
781 1730 921 1807 utroque
937 1733 1046 1784 autem
1060 1740 1178 1806 genere
1193 1719 1255 1782 sla-

178 1817 199 1892 5
215 1819 267 1869 tus
282 1807 367 1871 idern
385 1807 431 1872 lit.
477 1809 573 1871 Porro
591 1807 640 1870 lex
656 1807 762 1870 omnis
776 1817 833 1869 aut
854 1806 971 1884 tribuit,
988 1817 1044 1869 aut
1065 1804 1183 1885 adimit,
1197 1816 1256 1870 aut

208 1893 312 1978 punit,
327 1907 384 1958 aut
395 1894 496 1982 jubet,
513 1905 569 1956 aut
583 1905 678 1968 iterat,
693 1905 748 1956 aut
761 1891 916 1978 permittit.
961 1891 1069 1954 Litem
1086 1890 1183 1954 habet
1199 1900 1257 1954 aut
1303 1922 1310 1930 .

211 1991 332 2064 propter
343 1980 382 2066 sc
405 1979 515 2066 ipsam,
531 1991 587 2042 aut
606 1985 727 2065 propter
750 1977 888 2040 alteram.
935 1975 1106 2042 (aluaestio¹¹¹
1133 1975 1176 2040 est
1199 1985 1257 2040 aut

213 2062 247 2125 in
260 2065 388 2152 scripto,
403 2077 460 2128 aut
482 2065 515 2128 in
536 2063 704 2128 voluntate.
750 2065 788 2125 ln
814 2061 942 2149 scripto,
964 2076 1020 2126 aut
1043 2073 1177 2148 opertum
1198 2061 1254 2142 est,

180 2147 201 2210 6
214 2161 271 2212 aut
293 2149 526 2237 obscurumaut
551 2149 734 2236 ambiguum.
780 2148 880 2212 Quod
906 2147 947 2212 de
970 2147 1099 2245 legibus
1122 2146 1209 2227 dico,
1224 2147 1255 2210 i·

213 2230 288 2297 dem
315 2235 416 2321 accipi
441 2235 517 2300 volo
542 2235 584 2299 de
607 2233 814 2312 testamentis,
844 2233 956 2320 pastis,
986 2231 1256 2320 stipulationibus,

213 2318 303 2381 omni
330 2319 470 2418 denique
498 2319 635 2406 scriptor
670 2319 757 2382 idem
784 2317 826 2381 de
855 2340 945 2384 voce.
990 2317 1046 2395 Et,
1076 2317 1257 2404 quoniam¹⁸

213 2415 351 2488 quatuor
365 2404 462 2492 hujus
481 2405 609 2492 generis
631 2403 820 2491 quaestiones
839 2403 890 2470 vel
910 2403 1005 2466 status
1026 2402 1176 2484 facimus,
1192 2403 1255 2467 stn-

213 2487 310 2575 gulos
324 2511 518 2576 percurram.

257 2575 319 2640 VI.
339 2575 446 2662 (VII.)
468 2574 579 2662 Scripti
593 2585 620 2637 et
634 2573 800 2638 voluntatis
815 2571 1063 2660 frequentissima
1075 2572 1160 2638 inter
1174 2595 1255 2638 con·

214 2658 314 2725 sultos
335 2659 466 2747 quaestio
481 2661 536 2738 est,
552 2662 585 2724 e't
604 2681 673 2744 pars
697 2677 820 2745 magna*
837 2657 1054 2722 controverfiae
1071 2658 1155 2744 jutis
1177 2659 1256 2726 hinc

214 2745 354 2830 pendet:
380 2768 446 2834 quo
468 2746 576 2810 minus
591 2745 624 2808 id
639 2745 672 2808 in
688 2744 804 2808 scholis
819 2742 965 2808 accidere
983 2743 1101 2808 mirum
1125 2746 1179 2823 est,
1195 2745 1254 2810 ubi

214 2830 312 2896 etiam
337 2854 376 2897 ex
399 2830 553 2896 industria
575 2830 721 2917 tingitur.
765 2829 845 2918 Ejus
873 2851 978 2918 genus
1006 2851 1109 2894 unum
1138 2832 1191 2912 est,
1219 2831 1254 2895 in

187 3084 190 3090 ,
246 3039 257 3066 ²
276 3037 457 3086 continerentur
467 3036 531 3085 Jens.
629 3033 640 3070 f
656 3054 696 3084 om.
709 3037 740 3085 G.
751 3035 815 3086 Jens.
827 3045 849 3082 et
858 3033 891 3084 al.
902 3051 941 3083 nec
951 3009 1018 3082 male.
1115 3041 1126 3072 ⁸
1144 3036 1201 3085 loco
1211 3037 1255 3086 r‘r'd.

212 3101 338 3151 λτεοὲὶά.
403 3100 469 3149 iom.
482 3103 514 3148 G.
579 3099 653 3148 ¹⁵om.
666 3103 699 3150 G.
764 3103 844 3172 'quae
855 3101 886 3149 G.
958 3107 977 3132 ¹¹¹
997 3101 1155 3161 quaestionem
1166 3114 1209 3150 aut
1221 3103 1253 3154 G.

211 3168 275 3216 sens.
286 3185 327 3216 non
336 3166 404 3219 male.
468 3175 481 3203 ¹¹
498 3165 622 3228 quomodo
634 3167 666 3216 G.

212 3346 706 3486 tttlfi‘isstttlttistatt:
755 3345 1251 3477 ..trtttltstttlsdttttsz

212 3485 266 3549 hus,
285 3485 373 3538 idcirco
389 3485 544 3556 praescribere
553 3487 593 3558 se,
604 3503 635 3538 ne
651 3505 706 3539 cum
754 3489 828 3549 toris,
848 3486 913 3537 circa
932 3485 1094 3556 possessionem
1117 3491 1251 3544 contende-

203 3555 259 3626 filio
276 3555 390 3624 gravius
408 3557 554 3608 contendat:
578 3555 627 3608 alio
643 3556 709 3622 uisi
753 3567 832 3618 retur,
839 3555 1168 3630 interposrtaenonnunquarn
1177 3560 1250 3630 spon-

211 3623 261 3688 haer
271 3625 350 3696 caufflt
367 3625 540 3696 praescribendi
551 3641 597 3678 non
608 3575 648 3696 esi,
658 3627 704 3698 stt-
754 3625 841 3688 fionee,
851 3627 944 3696 quibus
964 3625 1107 3682 testarentur
1117 3627 1249 3691 nimirum,

203 3695 311 3767 pererit,
330 3705 358 3748 ut
379 3695 512 3762 dfidentia
534 3695 656 3748 eiicientur
677 3695 704 3750 in
754 3696 778 3748 se
795 3713 845 3749 non
861 3706 951 3748 temere
962 3695 1072 3765 litigare,
1085 3700 1130 3768 qui
1147 3699 1249 3782 perdet:

209 3766 299 3835 caufflz.
327 3766 373 3817 Sed
393 3766 438 3818 ista
454 3766 486 3817 ad
504 3765 659 3832 Tertulliani
673 3766 705 3818 de
752 3765 842 3818 vellent
864 3777 953 3836 praeter
972 3765 1007 3827 id,
1018 3765 1049 3818 de
1066 3785 1118 3837 quo
1136 3768 1250 3840 litigare·
1354 3805 1361 3820 .

87 3861 89 3866 r
201 3833 424 3908 prescriptionibus
434 3833 546 3888 libellum
554 3837 606 3902 jarn
618 3835 703 3905 dispo·
753 3851 803 3897 rur,
823 3836 900 3888 etiam
919 3833 1050 3898 summam,
1069 3839 1100 3890 de
1120 3855 1172 3908 qua
1190 3839 1248 3910 spo·

209 3917 262 3960 tata
282 3905 415 3975 diligenter
436 3905 501 3970 sunt,
524 3905 555 3958 de
579 3905 651 3958 ICtis
672 3923 703 3970 ne
751 3905 896 3976 pendissent.
934 3905 974 3957 Sic
998 3906 1055 3958 Cic.
1078 3925 1124 3978 pro
1147 3910 1245 3962 Caecin.

208 3976 375 4046 quiddicam.
639 3981 642 3988 ’
696 3987 697 3992 ’
753 3980 817 4027 c.8.
843 3976 920 4028 Facta
940 3975 1129 4056 estspotfimsi
1148 3979 1246 4031 Catina

246 4065 272 4111 3.
299 4043 467 4116 Ignominioso]
487 4047 554 4098 Nam
574 4044 600 4095 in
612 4043 702 4119 decla·
751 4045 873 4116 restitutus
894 4045 1023 4104 exedisse
1043 4046 1160 4100 Pratoris
1182 4050 1244 4118 effet.
1329 4073 1335 4086 ·

207 4127 332 4168 matorum
344 4115 445 4167 civitate
461 4115 501 4170 lex
517 4115 560 4177 est,
572 4113 703 4183 sgrromini-
753 4116 813 4168 Vid.
832 4116 905 4185 plura
921 4132 963 4185 ap.
980 4113 1068 4170 Brisso.
1080 4117 1112 4172 de
1128 4117 1203 4174 form.
1218 4136 1245 4194 5,
1290 4183 1292 4185 ¹

206 4183 328 4308 goenulla
341 4183 469 4250 fitadio.
488 4188 524 4240 V.
545 4203 573 4255 g.
596 4185 700 4258 Qrinsl.
752 4203 778 4251 7.
792 4203 819 4256 p.
833 4189 894 4251 348.
1235 4185 1238 4200 ²

247 4251 451 4324 eleemos(
544 4255 547 4264 ¹
959 4309 963 4318 ,

302 4369 305 4374 ,
764 4320 811 4386 rs
820 4340 843 4406 4
