2938 4910
267 431 328 493 404
501 415 547 476 Μ.
568 411 693 473 rnurr
720 407 1065 475 ourucrruruut

265 581 409 644 ducente
424 579 455 644 iu
476 577 618 674 exfilium.
663 576 796 674 Rusticus
819 603 883 642 uim
897 579 1023 665 sortiter
1037 579 1165 668 seuffut,
1179 567 1314 667 premii
1374 643 1380 654 ,

266 667 381 729 numine
395 668 568 753 impetravit
586 662 789 748 restitutionem
811 665 908 752 petris
924 679 951 727 ct
963 665 1093 752 fratris.
1140 663 1232 728 Pater
1251 682 1310 726 re-

267 753 368 838 versus
383 749 532 838 intestatus
546 747 678 834 deeefflt:
699 749 772 837 petit
793 749 914 834 rusticus
934 764 1050 838 purtem
1066 751 1214 828 bonorum,
1230 773 1310 813 oru-

270 849 315 898 ιον
341 849 432 900 totum
448 835 512 920 fibi
535 834 684 897 uindicat.
730 836 795 898 Hic
823 835 871 898 illi
900 837 1100 922 eloquentes,
1124 835 1312 922 quibusque
1326 833 1379 912 43

268 943 341 1000 noe,
356 923 441 986 circa
462 920 536 984 lites
556 930 659 982 raras⁰
676 919 873 998 solicitiores,
888 921 1016 986 ridiculi
1039 921 1195 1000 videmur,
1211 921 1311 983 inva-

269 1005 348 1071 dent
370 1006 515 1092 personas
535 1003 735 1068 favorabiles.
779 1005 876 1069 Aetio
896 1021 950 1093 pro
974 1005 1074 1094 rustico
1094 1017 1196 1072 eontra
1209 1005 1312 1090 diser-

198 1117 208 1156 ·,
271 1105 345 1170 tum,
358 1107 413 1179 pro
428 1087 579 1176 uirosorti
593 1103 694 1154 contra
709 1091 865 1170 imbellem,
876 1106 930 1178 pro
945 1091 1121 1178 restitutore?
1137 1100 1240 1155 contru'
1255 1091 1311 1152 in-

119 1165 123 1172 ·
160 1199 166 1210 ·
267 1189 404 1264 gratum,
416 1191 470 1265 pro
485 1199 527 1254 eo,
543 1173 595 1261 qui
604 1188 693 1269 parte
708 1175 916 1262 contentusfit,
932 1191 1034 1241 contra
1049 1203 1125 1254 eum,
1141 1177 1193 1264 qui
1202 1175 1317 1274 srapri

270 1261 350 1326 nihil
364 1263 488 1324 dccccx
509 1271 641 1347 paternis
656 1261 742 1324 velit.
787 1263 872 1328 Quae
896 1263 1005 1326 ornnia
1026 1263 1146 1326 suntin
1161 1275 1312 1340 materia,
1327 1275 1379 1338 44

270 1359 305 1410 et
333 1347 473 1411 multum
495 1343 622 1432 juvant,
652 1346 818 1410 vitiorium
847 1361 956 1411 tamen
985 1370 1050 1411 non
1081 1349 1221 1412 tradunt.
1268 1347 1313 1410 In

271 1433 355 1495 hacq
371 1445 555 1518 quaerentur
568 1429 745 1510 sententiae,
760 1432 781 1494 fi
796 1431 862 1496 fieri
878 1434 1032 1518 poterit¹,
1047 1432 1239 1521 praecipites,
1255 1432 1314 1496 vel

271 1516 423 1596 obscurae,
443 1523 529 1600 <nam
544 1537 582 1578 ea
597 1537 683 1578 nunc
698 1517 797 1580 virtue
812 1517 871 1598 est)
887 1529 940 1581 et·
963 1518 1097 1604 pulchre
1122 1517 1218 1582 fuerit
1232 1525 1313 1582 cum'

272 1601 417 1680 materia,
430 1599 573 1664 tumultu
596 1612 630 1664 et
652 1599 791 1666 clamore
809 1601 1011 1667 transactum.
1056 1603 1109 1666 Illi
1133 1625 1219 1683 vero,
1233 1601 1313 1690 qui-

256 1689 335 1752 'bus
349 1709 406 1773 pro
430 1687 543 1750 ofiturn
559 1685 690 1771 quidem
705 1687 834 1765 rnelius,
849 1685 903 1750 sed
923 1710 1000 1752 cura
1025 1687 1057 1752 in
1083 1687 1228 1774 proximo
1252 1689 1312 1767 est,

272 1771 345 1836 haec
371 1709 459 1835 velut
482 1770 659 1834 innatantia
681 1771 849 1852 videbunt,
864 1773 1052 1859 Excusatum
1077 1775 1131 1859 effi
1159 1773 1312 1858 rusticum,
1327 1779 1372 1853 45

273 1859 328 1946 qui
346 1882 405 1922 nou
426 1855 595 1942 interfuerit
609 1855 739 1942 judicio,
755 1857 834 1920 mihil
846 1856 1007 1922 collaturus
1018 1861 1103 1945 patri
1116 1884 1125 1922 c
1137 1859 1198 1948 sed
1208 1883 1245 1922 ne
1260 1859 1313 1920 di-

264 1945 381 2030 sertum
396 1941 513 2029 quidem
528 1942 645 2020 hebere,
662 1944 742 2030 quod
753 1943 876 2029 imputet
890 1967 948 2024 reo,
964 1969 1029 2007 cum
1044 1945 1069 2007 is
1084 1943 1314 2030 dammatusfit.

276 2028 414 2115 Dignum
439 2028 494 2113 effe
517 2026 677 2090 hereditate
699 2027 899 2114 restitutorem,
921 2039 997 2094 uont
1022 2053 1164 2110 ovorum,
1177 2031 1315 2118 impium,

308 2231 323 2259 ⁰
339 2239 432 2292 paratas
445 2230 548 2279 Obrecht.
630 2237 642 2270 Ρ
659 2232 805 2280 restitutione
817 2232 848 2280 G.
930 2239 941 2270 ‘³
961 2234 1009 2280 hoc
1019 2232 1082 2280 Jens.
1098 2233 1145 2280 Sed
1149 2233 1244 2296 prestat
1255 2235 1316 2292 hac,

277 2293 432 2344 iunaffloue.
497 2295 631 2357 'potuerit
641 2297 671 2344 G.
682 2295 746 2344 Jenl.
810 2305 862 2344 ⁸et
872 2296 913 2345 tid.
924 2307 953 2344 ut
964 2295 1005 2344 rel.
1069 2299 1215 2346 tauteus.

312 2491 358 2545 43.
377 2477 568 2547 illicloquentes]
588 2477 626 2528 De
643 2478 768 2548 quibuss.
819 2489 861 2532 tus
880 2479 976 2549 agentis
996 2477 1127 2530 accellerit.
1163 2479 1236 2530 Forte
1257 2480 1316 2532 aliis

276 2565 323 2614 41.
371 2605 374 2612 Δ
595 2586 597 2594 1
818 2549 934 2600 videatur
955 2548 1053 2610 melius,
1071 2545 1200 2610 tumultum
1217 2558 1242 2598 ct
1262 2549 1317 2600 cla-

313 2634 358 2682 43.
378 2615 445 2669 circa
463 2612 617 2682 tituraras]
636 2619 696 2680 Quo
711 2617 770 2670 dili·
819 2635 908 2670 merem
926 2617 1035 2686 accipere
1049 2618 1193 2670 auditorum
1210 2615 1320 2670 laudanss

276 2689 379 2758 gentius
400 2688 466 2740 hunc
488 2688 570 2739 locum
591 2686 722 2748 considero,
742 2705 771 2738 eo
819 2689 904 2739 tiume
923 2687 961 2738 sed
979 2686 995 2738 li
1013 2687 1059 2738 hoc
1076 2687 1196 2748 volnillet,
1212 2687 1318 2757 seripfis·

276 2759 362 2811 minue
378 2773 441 2828 opus
452 2757 515 2810 mihi
527 2755 648 2808 Obreclni
658 2757 771 2808 uneuda-

278 2829 347 2880 tione
357 2829 464 2880 videtur.
491 2825 532 2878 Illi
549 2825 689 2903 eloquentes
703 2827 772 2878 iuva·

278 2898 343 2950 dunt
350 2899 465 2968 personas
475 2893 648 2962 favorabiles,
660 2913 705 2965 pro
715 2897 772 2964 qui-

279 2968 328 3019 bus
345 2969 463 3018 nimirum
481 2965 563 3018 dicere
579 2961 653 3015 facile
664 2964 706 3025 est,
718 2976 773 3016 tunt

281 3037 343 3106 quia
360 3035 454 3087 solenne
473 3036 499 3088 id
518 3034 561 3094 est,
572 3044 628 3084 tum
647 3035 715 3101 quod
735 3033 772 3086 fa·

280 3117 338 3158 teat
355 3104 404 3156 illia
420 3104 499 3172 vulgo
516 3102 626 3163 auditor,
637 3119 662 3153 v.
676 3119 703 3172 g.
722 3103 773 3155 rus-

281 3175 334 3226 tico
345 3185 431 3226 contra
441 3173 567 3242 disertum,
579 3169 638 3222 forti
649 3173 703 3223 viro
715 3189 773 3224 con-

277 3255 322 3294 tra
337 3245 467 3313 ignavium,
478 3237 611 3294 restitutori
628 3253 713 3292 contra
724 3240 774 3294 fro·

280 3325 344 3365 trem
357 3315 484 3382 ingratum
496 3313 545 3364 dec.
575 3309 708 3362 Ridiculus
725 3313 775 3380 igi-

282 3394 325 3435 tur
345 3381 395 3433 illis
412 3382 512 3434 videtur
530 3381 635 3439 Fabius,
653 3379 691 3430 vel
708 3381 775 3449 quis-

821 2755 863 2816 set,
875 2767 948 2825 puto,
959 2755 1025 2808 iuter
1041 2757 1170 2810 tumultum
1184 2766 1210 2807 et
1225 2755 1318 2810 cleme-

820 2843 880 2876 rem,
894 2827 1037 2878 Formulam
1050 2843 1103 2877 cum
1114 2825 1222 2880 materia
1232 2830 1318 2898 tranfi

820 2893 887 2962 igere
908 2895 1006 2966 egregie
1028 2895 1132 2947 illustrat
1157 2896 1318 2964 Bunnanuus

823 2963 866 3018 illo
885 2965 974 3018 Taciti
995 2966 1088 3032 Agric.
1109 2983 1152 3030 34.
1180 2963 1319 3034 ‘l'ronstgite

822 3051 875 3084 cum
887 3033 1085 3103 expeditionibus,
1098 3035 1125 3086 h.
1137 3053 1161 3088 e.
1180 3035 1253 3086 finem
1266 3036 1316 3088 illis

822 3103 953 3172 imponite.

857 3191 903 3236 44.
928 3191 990 3226 cura
1009 3171 1035 3224 in
1050 3172 1176 3244 proxime]
1200 3175 1264 3226 Haec
1283 3173 1318 3226 est

823 3245 907 3304 tertia,
919 3261 995 3314 quarn
1013 3241 1072 3296 fecit
1090 3243 1167 3308 s·4¹·
1181 3243 1257 3297 classis
1274 3261 1318 3296 eo-

825 3329 890 3374 rum,
902 3315 995 3382 quibos
1007 3313 1150 3381 prcpcsstum
1167 3311 1260 3378 melier,
1271 3329 1318 3366 nec

824 3385 890 3432 enirn
908 3384 988 3434 vitant
1005 3395 1048 3434 aut
1064 3394 1226 3436 contemnunt
1240 3384 1318 3452 quid-

282 3454 341 3524 q'uis
353 3451 465 3504 solicitus
477 3451 509 3501 est
518 3450 585 3500 circa
595 3447 649 3499 lites
656 3449 775 3512 rariores,
824 3468 911 3520 quam,
923 3463 953 3504 ut
965 3452 1011 3513 illi,
1023 3453 1053 3503 de
1071 3453 1166 3521 quibus
1178 3452 1251 3503 modo
1262 3453 1318 3504 dic-

282 3523 328 3592 qui
348 3522 440 3592 quaerit
460 3537 498 3579 ea,
511 3535 568 3587 qnae
586 3519 610 3568 in
628 3517 716 3570 scholis
733 3519 775 3570 de·
824 3531 895 3586 turn,
915 3521 953 3573 sed
965 3539 1024 3574 cura
1035 3521 1062 3572 in
1076 3521 1240 3590 proximoest,
1251 3521 1279 3573 h.
1291 3539 1317 3573 e.

281 3591 435 3646 clamatoriie
452 3605 508 3640 raro
519 3599 661 3648 occurrunt,
673 3588 703 3638 de
721 3589 777 3656 qui·
826 3607 875 3641 non
897 3591 977 3642 inulto
998 3591 1074 3656 major
1097 3607 1175 3658 quarn
1197 3589 1256 3657 illis,
1278 3590 1320 3643 vel

188 3713 189 3723 ,
282 3661 332 3714 bns
350 3663 500 3714 intuentem
518 3657 652 3708 nonvenit
670 3655 776 3720 nisibis,
826 3659 982 3722 enarmonia
999 3661 1031 3710 ad
1050 3659 1164 3729 proxima
1183 3671 1320 3718 tartturuet

283 3732 329 3800 qni
342 3731 367 3782 in
378 3725 427 3781 sole
437 3741 461 3780 et
478 3727 564 3780 lltdore
580 3725 628 3778 fori
639 3728 727 3778 versati
739 3729 776 3778 in·
827 3730 1027 3800 obviapertiner.
1058 3731 1124 3780 Nam
1141 3731 1276 3798 exquirunt
1287 3747 1326 3780 ear

264 3801 347 3853 ,cuna
369 3798 498 3850 causarum
525 3796 621 3857 rimari,
644 3809 668 3848 et
690 3797 778 3849 vitalio
826 3792 1320 3869 inodo,quaeinoculcsinncerunt,ut‘an·

283 3884 365 3940 petere
374 3869 525 3920 didicerunt.
828 3879 854 3919 te
865 3869 943 3934 dixit;
955 3869 1008 3921 haec
1019 3868 1104 3920 cadem
1115 3867 1324 3923 hievocatinna-

319 3955 365 4002 44.
386 3935 534 4006 precipites]
562 3935 692 3996 Audaces,
713 3947 779 3986 atro·
828 3938 922 3999 tancia,
934 3937 999 4008 qnod
1011 3939 1114 3998 verbum
1126 3955 1156 4001 ex
1168 3937 1322 4004 Graeuptm.

283 4025 335 4069 cea,
354 4009 455 4060 stetere:
484 4005 524 4058 vel
545 4004 659 4076 obscura,
680 4017 780 4074 propter
829 4005 1321 4076 uottpopraeclarehicillustravitBnr-

283 4077 391 4132 nimium
411 4092 525 4135 acumen,
545 4088 569 4126 et
592 4073 780 4130 adfectationem
829 4074 1323 4138 mannus,necoblitusuetuimatantes

282 4150 316 4196 vet
332 4144 438 4212 ἃξυμῶςυ·
461 4157 485 4196 et
496 4146 527 4195 de'
545 4143 645 4196 illorum
663 4143 781 4196 sententia
828 4144 924 4198 radices
938 4145 1030 4197 vitium
1040 4146 1134 4214 summo
1148 4143 1200 4214 selo
1216 4141 1321 4211 Culum.

285 4213 388 4286 pulclire
398 4215 445 4266 hoc
457 4215 531 4266 modo
543 4214 649 4266 tradate
663 4215 710 4265 erit
722 4231 780 4283 pro·
825 4232 856 4276 ,4,
872 4235 895 4275 1,
910 4229 923 4278 7
936 4237 943 4280 3
961 4233 1006 4266 nec
1018 4214 1080 4266 illud
1091 4213 1165 4266 nostri
1180 4233 1223 4275 ιο,
1236 4234 1263 4278 7,
1277 4219 1322 4268 28.

284 4283 362 4355 posita
374 4283 515 4350 materiali
532 4283 626 4338 clamor
643 4294 668 4338 et
685 4283 779 4339 tumul·
828 4283 999 4339 detnmtmtc
1009 4281 1142 4354 veriorum
1144 4281 1288 4353 facilitate.
1313 4311 1317 4318 ·
