3000 4908
423 366 596 438 ,rusrrr
617 365 823 426 ouaron.
845 367 927 426 mn.
949 367 986 427 v.
1011 385 1057 442 14.
1189 385 1245 444 3„

224 541 294 596 arte
310 527 449 616 suscepta
457 529 479 608 ¹,
495 528 677 652 mapistrum
699 527 789 592 fateri
810 526 931 613 ubique
952 528 1141 594 videantur?
1165 529 1250 596 Quia
1356 607 1359 612 Ι

229 637 382 702 umquam
409 615 449 678 fic
470 613 548 676 dicit
595 613 734 677 Orator?
760 615 879 676 Nonne
901 613 986 698 apud
1007 613 1106 700 ipsum
1127 615 1250 678 Demo*

225 701 369 764 -sthenem
387 699 567 785 pauciffima
580 696 759 784 hujusmodi
771 697 778 735 ¹
793 697 1012 784 reperiuntur?
1037 698 1123 762 Quae
1137 719 1250 784 appre-

226 785 326 848 hensa
340 783 448 847 Graeci
462 783 565 870 magis
582 787 667 864 (nam
683 781 746 844 hoc
759 779 859 844 solum
873 781 965 846 nobis
978 782 1067 868 pejus
1080 795 1099 824 ¹¹²
1114 783 1247 861 faciunt)

229 869 262 934 in
278 882 404 933 catenas
419 868 531 968 ligant,
546 879 581 930 et
595 861 810 952 inexplicabili
832 865 906 931 serie
925 866 1130 945 connet‘iunt,
1145 882 1178 931 et
1198 868 1250 930 in-

229 953 377 1018 dubitata
388 953 559 1040 colligunt,
576 965 609 1014 et
623 952 756 1036 probant
770 947 915 1030 confessa,
931 966 964 1014 et
985 951 1015 1014 se
1034 952 1174 1037 antiquis
1195 974 1252 1038 per

231 1037 295 1102 hoe
308 1038 422 1101 similes
438 1050 562 1100 vocant.
596 1035 721 1098 Deinde
735 1035 1106 1134 interrogatinumquam
1124 1037 1250 1184 respou-

230 1111 394 1201 debuntss,
423 1143 520 1208 quem
548 1120 735 1184 imitentur.-
779 1119 841 1184 Sed
868 1119 1048 1206 defigens
1076 1121 1138 1184 alio
1176 1143 1250 1186 oco.

126 1266 129 1270 .
175 1219 217 1287 33
232 1207 329 1271 Nune
343 1204 424 1271 illud
438 1200 662 1292 adjiciendum,
676 1205 769 1269 neiis
784 1202 913 1290 quidem
927 1204 1100 1269 consentire
1115 1228 1179 1284 me,
1193 1206 1252 1293 qui

231 1292 354 1380 semper
367 1303 556 1378 argumenta
576 1289 717 1353 sermone
738 1311 817 1377 puro
830 1299 863 1353 et
878 1287 1021 1354 dilucido
1041 1302 1074 1353 et
1094 1289 1251 1370 distinato,

232 1390 374 1441 ceterum
409 1375 541 1438 minime
576 1374 642 1438 lato
676 1388 850 1460 ornatoque
878 1386 990 1460 putant
1015 1375 1076 1438 esse
1105 1373 1252 1441 dicenda.

232 1463 384 1546 Namque
412 1481 449 1523 ea
473 1458 615 1523 distintta
642 1459 773 1546 <pridem
802 1480 839 1522 ae
865 1457 1026 1545 perspicua
1049 1457 1167 1523 debere
1190 1461 1253 1528 effe

231 1545 385 1609 confiteor
397 1570 405 1606 ι
415 1607 418 1611 ,
428 1543 460 1606 in
476 1545 571 1608 rebus
586 1565 660 1608 vero
675 1543 849 1608 minoribus
865 1543 961 1607 etiam
976 1543 1115 1607 sermone
1128 1566 1165 1609 ac
1179 1567 1250 1609 ver-

177 1629 284 1708 34bis
299 1626 546 1714 quammaxime
565 1627 707 1715 propriis,
721 1640 755 1696 et
778 1649 818 1691 ex
843 1627 911 1692 usu.
954 1627 1048 1707 At,si
1072 1629 1171 1714 major
1190 1631 1253 1695 erit
1335 1661 1338 1669 r

233 1712 376 1793 materia,
403 1711 528 1777 nullum
555 1726 700 1776 ornatum
725 1711 787 1792 his,
812 1711 869 1798 qui
890 1711 988 1777 rirodo
1007 1735 1070 1776 non
1095 1714 1251 1795 obscuret,

233 1796 481 1861 subtrahendum
496 1810 585 1882 puto.
629 1798 716 1860 Nam
732 1810 765 1860 et
779 1796 858 1882 &pe
876 1796 1047 1882 plurimum
1063 1797 1144 1862 lucis
1164 1799 1254 1868 affert

234 1881 289 1944 illa
313 1882 482 1959 transsatio,
511 1904 586 1944 cum
618 1881 713 1944 etiam
743 1881 820 1968 ipsr⁰
855 1880 1078 1968 jurisconsulti,
1112 1905 1252 1968 quorum

234 1967 383 2030 summus*
396 1967 478 2030 eirca
497 1967 664 2030 verborum
683 1966 904 2051 proprietatem
923 1965 1012 2030 labor
1031 1968 1083 2048 est,
1103 1967 1174 2030 litus
1189 1968 1251 2033 esse

179 2059 221 2132 35
235 2051 372 2116 audeant
385 2051 501 2129 dicere,
537 2061 600 2113 uap
616 2049 731 2114 fluetus
750 2051 874 2114 abditi.
897 2049 1038 2138 Quoque
1049 2051 1126 2139 quid
1141 2065 1253 2118 natura

234 2137 337 2222 magis
359 2137 512 2222 asperum,
555 2156 594 2198 oc
615 2134 760 2220 pluribus.
775 2134 988 2199 condiendum
1013 2137 1055 2200 est
1078 2137 1251 2224 voluptati·

234 2222 306 2298 buS,
330 2235 363 2284 et
386 2221 480 2283 nimis
504 2219 641 2306 suspetta
661 2221 908 2306 argumentatiO,
934 2219 1195 2287 diffimuiationer
1217 2237 1253 2289 et

233 2307 373 2370 multum
388 2305 427 2369 ad
441 2304 536 2368 fidem
558 2303 688 2392 adjuvat
706 2304 862 2368 audientis
882 2303 1037 2393 voluptas.
1081 2307 1148 2370 Nisi
1171 2307 1252 2372 forto

232 2389 444 2454 existimamus
459 2389 648 2454 Ciceronem
663 2387 792 2453 maloin
814 2390 874 2452 hac
895 2389 957 2473 ipsa
977 2413 1010 2454 ar
1058 2393 1252 2457 mentatione

232 2473 449 2557 dixisse,sclere
462 2473 631 2560 leges'irrter
650 2497 745 2552 arma,
761 2485 794 2538 et
839 2473 951 2538 ludium
973 2499 1009 2539 no
1030 2479 1054 2538 is
1075 2476 1191 2539 interim
1211 2479 1252 2540 ab

232 2557 301 2642 'ipſse
319 2558 436 2643 porrigi
450 2555 576 2642 legibus.
620 2557 682 2622 His
699 2570 805 2621 tamen
813 2497 985 2622 babendus
999 2559 1124 2640 modus,
1142 2574 1180 2627 ut
1194 2563 1252 2630 sint

233 2655 431 2721 ornamento,
447 2664 511 2705 non
526 2641 768 2728 impedimento.

258 2826 273 2860 ’ἰ
291 2830 330 2878 Sic
341 2831 372 2878 G.
386 2839 411 2876 et
421 2829 453 2878 «I.
464 2840 500 2892 ap.
512 2831 569 2877 Bur.
585 2830 690 2892 suscepta
701 2829 732 2877 al.
746 2830 798 2878 Vid.
808 2830 832 2893 s
843 2841 880 2893 35.
961 2830 973 2863 ἕ
992 2833 1060 2880 duxit
1069 2833 1099 2881 G.
1118 2834 1178 2882 vixit
1188 2835 1251 2884 sens.

235 2893 301 2942 Forte
311 2895 353 2956 leg.
365 2895 433 2942 dixit.
531 2896 535 2924 ⁸
554 2896 596 2941 viri
613 2895 650 2941 vel
661 2895 716 2942 artis
726 2895 789 2940 Jens.
803 2895 863 2952 juris
873 2895 910 2942 vel
922 2897 976 2943 artis
987 2897 1017 2944 G.
1034 2907 1119 2958 recepta
1130 2897 1191 2946 leuia
1202 2902 1252 2962 efle

235 2965 323 3008 carrea.
336 2959 408 3022 roga
450 2963 469 2988 ¹⁰
488 2959 663 3022 nonivfiiens.
706 2960 874 3021 ”respondent
884 2961 915 3008 G.
995 2967 1006 2989 ⁰
1023 2979 1064 3008 om.
1077 2963 1107 3008 G.
1151 2969 1253 3026 Pqum

236 3023 267 3072 G·
332 3031 343 3064 ‘l
362 3023 446 3071 alludit
455 3023 518 3070 Jens.
535 3023 601 3070 elidit
612 3022 759 3082 libcrd'allae,
770 3031 792 3069 er
800 3024 854 3086 conj.
864 3024 905 3075 δα,
918 3025 1005 3072 Dum
1014 3025 1075 3088 apud
1083 3028 1161 3078 Bam.

272 3197 315 3247 ῃ.
333 3183 397 3254 Qis
408 3200 521 3254 umquam
529 3184 567 3252 stc
582 3184 653 3249 dicit]
673 3185 721 3236 Ni·
807 3202 848 3249 32.
871 3201 1002 3253 numquam
1020 3183 1200 3257 respondebunt]
1223 3191 1251 3254 h,

237 3252 338 3314 mirum,
348 3266 376 3304 ut
388 3254 452 3305 nuda
462 3264 486 3304 et
496 3253 624 3306 dialcetica
635 3255 721 3322 enthy·
768 3271 792 3306 e.
805 3255 943 3323 respondere
959 3255 1003 3314 ita,
1015 3268 1044 3305 ut
1062 3255 1134 3308 fidem
1151 3256 1253 3320 faciam,

128 3317 141 3344 ¹
237 3333 344 3375 memata
354 3334 487 3390 torqueret,
498 3323 603 3390 spinosos
614 3334 639 3373 et
649 3322 722 3374 osseos
771 3322 875 3391 possunt.
894 3324 1195 3396 Nam,inquostmilesse
1205 3347 1252 3382 aa·

237 3389 388 3510 {yllogismoe
408 3403 562 3460 proponeret.
585 3391 663 3460 Apud
682 3392 721 3460 ip-

250 3476 292 3510 um
302 3460 496 3520 Demosthenem,
505 3472 598 3528 patrem
607 3459 721 3528 eloquen-

769 3391 841 3460 tiquis
860 3404 961 3453 vocant,
980 3394 1073 3448 imitari
1092 3395 1147 3450 illos
1166 3398 1253 3450 volunt

769 3462 856 3513 videri.
878 3464 971 3514 Verum
982 3462 1102 3516 ostendere
1114 3478 1193 3517 tamen
1205 3485 1253 3518 non

238 3527 292 3590 tiae,
319 3527 439 3580 invidum
467 3530 628 3596 argumentis,
651 3531 722 3594 cnjus
770 3529 875 3599 possunt,
896 3532 940 3599 qni
969 3531 1006 3583 ita
1028 3533 1206 3602 constipaverit,
1229 3543 1261 3587 et'

239 3596 344 3668 plurima
359 3597 475 3665 leguntur
490 3598 572 3658 hodie,
583 3598 722 3668 paucissrma
770 3597 879 3651 conferta
889 3599 994 3670 posuerit
1005 3604 1063 3655 entb
1106 3616 1195 3655 emata.

238 3665 331 3718 exstant
358 3668 394 3718 ita
421 3666 489 3716 nuda
516 3668 719 3738 enthymemata:

258 3751 296 3789 ωε
324 3735 506 3807 apprehendunt
528 3737 637 3798 κικόζηλω
665 3739 723 3806 qui.

238 3753 306 3866 dam,
318 3817 342 3856 et
358 3805 425 3874 quod
446 3804 485 3856 iile
503 3804 635 3873 parcissrme
653 3804 722 3868 fecit,

239 3875 270 3926 ad
293 3873 318 3926 id
347 3891 443 3927 omnem
466 3874 600 3924 orationem
623 3891 722 3946 compo-

238 3955 311 3994 nunt.
338 3943 402 3994 Vide
419 3943 480 3995 mihi
492 3942 576 3994 suaves
588 3944 723 3996 transsatio-

132 4061 138 4066 ,
238 4027 298 4062 nesz
317 4011 343 4063 in
358 4021 458 4080 catfnas
467 4011 556 4080 ligant,
567 4010 724 4080 inexplicabi-

156 4120 161 4126 .
237 4077 327 4149 liserie
336 4083 490 4146 conuellunt5
502 4081 594 4148 quibus
603 4080 638 4133 ilii
650 4099 723 4152 argu-

238 4151 414 4202 mentationum
426 4148 567 4202 formalium
581 4161 606 4201 et
614 4150 724 4204 dialesii-

239 4233 324 4270 catum
340 4217 422 4323 paquet‘
431 4231 455 4271 et
465 4217 579 4288 decipula
590 4218 722 4290 signantur.

808 3685 849 3733 ῃ.
877 3669 925 3725 alio
943 3668 1003 3735 loco]
1031 3672 1063 3722 Li
1081 3687 1109 3722 ro
1128 3690 1154 3738 9.
1172 3674 1256 3728 tribue

771 3737 893 3806 prioribus
905 3738 1039 3807 capitibus.

808 3824 851 3871 34.
868 3805 1103 3876 litus-quastutius
1114 3807 1201 3876 cudit]
1215 3813 1254 3868 De
1335 3835 1342 3846 ·

772 3875 817 3927 bac
837 3875 924 3938 nobili,
945 3876 982 3931 sed
1002 3876 1110 3930 multum
1130 3880 1256 3948 disputata

770 3944 921 4014 etymologia
937 3946 1044 3998 dicimus
1059 3947 1091 3997 ad
1107 3948 1207 4003 Colum.
1226 3967 1254 4014 4,

773 4033 816 4075 20,
830 4034 855 4066 2.
878 4015 1004 4066 Nimirum
1015 4033 1043 4066 eo
1054 4017 1186 4094 propendet
1202 4023 1257 4070 ani·
1315 4051 1321 4062 ι

772 4099 840 4204 pige,
851 4095 880 4134 ut
891 4097 975 4154 putem
987 4086 1061 4138 verbo
1072 4084 1139 4137 elidit
1149 4087 1190 4139 bic
1201 4089 1256 4142 usos

814 4166 889 4220 roe,

810 4239 853 4289 35«
865 4221 1011 4292 Ciceronem]
1025 4222 1085 4282 vtd.
1098 4222 1170 4298 supra
1180 4226 1199 4280 s.
1215 4245 1257 4294 17.
