2938 4910
360 343 949 415 insert..ottarott.n1n.vn.
972 363 1001 406 t.
1158 329 1229 434 402'

184 508 367 598 inpietatis*
392 533 475 582 raum
495 510 606 576 dixit?
627 522 693 576 αα*
708 535 784 590 eum,
799 510 852 598 qui
864 509 973 596 filium
990 505 1086 576 lenoni
1106 507 1216 578 asadi-

17 643 28 664 .·
184 593 260 670 dit?
293 597 332 660 In
355 595 429 674 hoc,
445 595 487 660 de
509 595 628 682 quoio
652 595 770 676 uimur,
784 609 873 682 patre
893 595 997 682 quid³
1020 591 1217 680 apprehendi

17 667 30 710 'i
130 678 307 770 56p0test?
341 682 513 752 Damnatus
537 679 586 766 ast.
666 681 790 770 nmquid
811 680 907 766 igitar
933 679 981 743 lex
1012 680 1055 742 ad
1074 677 1217 766 abstulatas

172 778 301 839 tantum
317 778 420 856 patres
432 767 590 856 pertinet?
611 765 691 830 dura
712 765 814 852 prima
833 764 939 831 fronte
952 762 1094 851 quaestio.
1127 763 1217 834 Non

184 851 405 940 desperemus:
428 851 581 918 credibile
598 852 651 931 est,
666 851 729 916 hoc
745 849 872 916 voluisse
885 850 996 938 legum
1014 849 1160 928 latorem,
1176 847 1221 913 ne'

183 937 303 1004 auxilia
315 935 489 1004 liberorum
504 936 730 1003 innocentibus
744 934 894 1000 deessent.
938 933 1000 1000 Sed
1021 934 1084 998 hoc
1109 933 1215 998 dicere

22 1081 28 1092 ,
184 1021 297 1088 rustico
322 1022 539 1090 verecundum
564 1023 619 1100 est,
644 1022 721 1108 quia
744 1022 950 1086 innocentem
978 1017 1066 1084 fuisse
1092 1031 1217 1106 patrem

15 1099 24 1146 '³
128 1115 172 1202 57
184 1105 312 1190 fatetur.
357 1108 424 1174 Dat
437 1106 525 1171 aliud
538 1120 766 1194 argumentum
787 1103 995 1170 controverfia
1006 1119 1028 1184 ³,
1044 1105 1218 1168 Damnatus

15 1171 18 1212 '
179 1191 356 1279 proditionis
380 1215 443 1258 cum
466 1191 611 1257 advocato
632 1193 753 1279 aitsalat.
798 1191 865 1256 Vix
885 1189 1010 1256 videtur
1030 1189 1114 1276 posse
1136 1189 1216 1270 fieri,

183 1287 221 1340 ut
233 1299 327 1364 poene
342 1275 407 1342 filio
421 1275 454 1340 in
468 1277 481 1316 δ
497 1275 612 1342 eodem
626 1293 726 1364 patre,
744 1288 777 1342 et
792 1275 812 1340 fi
828 1273 977 1354 adsuerit,
993 1274 1060 1338 etfi
1077 1296 1141 1338 non
1157 1271 1231 1339 ad-'
1327 1315 1328 1322 κ

181 1359 291 1442 fuerit,
307 1361 477 1427 constituta
491 1362 538 1426 fit.
583 1364 737 1426 Praeterea
757 1361 809 1426 lex
830 1360 871 1426 ad
892 1359 1013 1424 exsules
1035 1358 1123 1424 nulla
1143 1381 1230 1446 per·⁴

182 1445 288 1520 tinet:
326 1469 390 1514 non
417 1468 495 1534 ergo
520 1445 674 1512 credibile
699 1450 753 1526 est,
779 1459 865 1510 nonc
892 1445 1047 1512 advocato
1075 1444 1218 1510 damnati

185 1530 359 1618 scripturn:
382 1553 422 1598 an
446 1532 559 1619 possint
580 1531 666 1599 eninr
681 1532 767 1597 bona
781 1529 840 1613 esse
855 1530 921 1596 ulia
943 1529 1078 1594 exsulis?
1111 1528 1217 1600 Rusti·
1317 1583 1320 1593 .

218 1774 231 1802 ¹¹
247 1767 445 1830 peregrinationis
464 1771 495 1817 G.
513 1770 684 1832 peregrinantis
700 1769 764 1818 lens.
781 1780 803 1816 et
815 1769 847 1818 al.
863 1767 1034 1832 peregrinitatis
1050 1767 1104 1814 ΑΜ.
1126 1766 1187 1816 Call.
1198 1775 1220 1814 er

186 1831 244 1884 th.
255 1834 317 1894 apud
325 1835 404 1883 Rara
470 1843 484 1872 tt
500 1853 542 1882 aar.
558 1836 588 1884 G.
596 1836 661 1884 Jens.
725 1845 739 1871 ²
755 1835 821 1896 quod
832 1837 863 1882 G.
873 1837 937 1882 Jens.
1011 1841 1024 1868 ⁸
1040 1832 1220 1894 Siclegivolrtit

184 1897 241 1962 Iitg.
254 1897 484 1962 queansecutiplures.
501 1899 666 1950 controverstae
678 1900 720 1948 rel.
817 1899 827 1929 ὓ
845 1900 885 1950 Sic
897 1899 928 1946 G.
939 1897 1003 1946 lens.
1019 1907 1041 1943 et
1051 1897 1082 1944 as.
1095 1897 1169 1945 MSS.
1180 1908 1220 1962 ap·

185 1976 244 2031 Bur.
260 1977 311 2029 filio
321 1979 417 2039 eadem,
428 1981 491 2052 patri
503 1990 527 2028 et
539 1979 556 2028 sr
568 1983 611 2030 &e
624 1999 636 2027 e
647 1981 702 2046 conj.
714 1979 780 2044 liegii
791 1977 831 2030 rel.
896 1985 906 2010 ⁶
920 1979 950 2026 de
958 1981 1024 2029 lens.
1034 1963 1148 2042 {trama
1158 1977 1182 2026 in
1192 1973 1223 2030 Ue
1238 1973 1240 1982 '

223 2196 237 2246 ς
242 2197 265 2246 ς.
284 2179 513 2251 inpietantium]
536 2185 594 2250 Jarn
611 2181 680 2236 seuit
765 2200 808 2247 57.
826 2179 1004 2248 cannevspiu]
1025 2181 1052 2233 h.
1070 2199 1094 2234 e.
1112 2179 1221 2236 conside·

184 2247 352 2314 Bunnannun
370 2253 418 2308 hoc
438 2252 571 2322 impietatis
586 2271 602 2306 a
618 2270 679 2310 con·
726 2255 794 2304 tario
808 2252 860 2321 ipsa
877 2251 1027 2321 quaestionis.
1058 2252 1110 2310 Qui
1126 2262 1220 2306 comtos

180 2319 277 2389 jediura
294 2321 371 2392 Regii
387 2322 482 2377 viderie
501 2335 526 2375 et
545 2322 695 2390 sanenuila
726 2321 813 2390 verfiae
830 2322 927 2392 legunt,
946 2321 1022 2372 dandi
1041 2321 1109 2384 casu,
1128 2323 1220 2376 subau-
1324 2345 1327 2351 ·

183 2387 258 2440 eausa
277 2389 320 2450 esi,
332 2408 377 2452 ¹cnr
394 2391 487 2460 aliquis
504 2391 635 2460 impietatis
652 2393 678 2444 in
727 2392 800 2448 diunt
809 2390 868 2456 Iex3
886 2389 953 2458 qnod
970 2389 1012 2442 hic
1030 2391 1102 2442 nobis
1117 2391 1220 2443 videba-

183 2457 265 2509 Fabio
274 2469 398 2528 repertum
410 2471 516 2511 mutaret
528 2463 553 2512 in
565 2459 678 2530 peregri·
727 2472 770 2512 tnr
780 2459 960 2511 duriusculum.

185 2525 329 2589 nuntiares
342 2528 567 2600 peregrinationis:
586 2530 678 2599 sedpe·
764 2547 806 2595 57.
832 2527 859 2580 in
876 2528 1060 2596 compatre]
1091 2529 1149 2580 Non
1169 2526 1220 2582 fuit

184 2595 340 2664 regrinitatis
351 2600 432 2669 primo
449 2599 513 2650 abiit
526 2598 679 2669 negligentia
727 2600 794 2668 quod
813 2597 906 2650 sensuro
925 2595 982 2648 hinc
1004 2597 1027 2648 se
1046 2598 1133 2652 elicere
1155 2599 1226 2662 inte-¹

185 2665 224 2717 vel
241 2665 360 2720 didiantis
378 2667 417 2720 vel
435 2667 562 2721 scribentis
583 2669 679 2722 librarii
726 2686 801 2736 grum
818 2678 917 2736 negaret
967 2666 997 2720 sse
1013 2667 1121 2737 Regius.
1151 2667 1219 2730 Quid

185 2735 212 2786 in
229 2735 414 2804 peregrinantis
435 2749 479 2789 aut
497 2737 678 2808 peregrinatio·
726 2741 792 2790 enim
805 2739 924 2806 apertius,
949 2754 965 2787 n
976 2735 1055 2787 eodem
1062 2745 1148 2806 patre,
1161 2737 1179 2789 i.
1192 2756 1216 2788 e.

185 2803 239 2855 nis.-
259 2807 326 2875 quod
344 2825 401 2859 cum
412 2805 484 2878 plane
500 2809 676 2860 inconcinnum
720 2815 767 2874 pro
783 2817 822 2858 ter
831 2815 939 2926 patrem
959 2805 1059 2856 euatdem
1082 2821 1150 2857 reum
1172 2806 1222 2858 «vel

185 2873 251 2933 esset,
262 2893 306 2927 nec
318 2877 399 2929 statim
418 2877 443 2928 in
460 2889 566 2928 mentem
583 2879 678 2930 veniret
719 2815 783 2946 jussi
794 2893 831 2928 ve
856 2873 1107 2944 injuste,damnatum
1117 2874 1217 2926 veleb·
1257 2895 1260 2898 ·

185 2943 278 3012 Regio,
302 2945 372 2998 litem
391 2948 417 2998 in
440 2945 521 2998 caussa
543 2948 676 3016 peregrini·
715 2945 833 3015 salutum.
861 2945 919 2996 Non
937 2945 1022 2998 eadem
1042 2945 1118 3014 potest
1133 2945 1218 2998 eodem

184 3016 246 3065 tatis
262 3016 366 3076 moveri,
387 3027 431 3068 ant
450 3027 574 3086 parentem
591 3029 677 3068 contra
724 3015 834 3084 respeein
851 3013 948 3076 habito,
966 3024 991 3065 et
1007 3014 1052 3065 sub
1072 3013 1155 3065 iisdem
1168 3016 1235 3066 cir·-

183 3081 265 3134 filium
292 3085 317 3136 in
347 3103 376 3136 ea
402 3085 568 3138 testimonium
595 3085 677 3140 dicere
725 3083 889 3143 constantiis,
901 3100 976 3154 poena
986 3083 1118 3134 constituta
1128 3083 1173 3136 esse
1183 3085 1216 3146 ei,

183 3152 257 3224 posse,
289 3155 332 3206 nin
348 3155 393 3207 fibi
412 3155 461 3236 ipse
478 3166 595 3219 noceret3
614 3155 677 3208 iliud
725 3150 1128 3222 quiadfuitseiqulmssadfult·
1231 3157 1234 3162 ¹

183 3221 255 3289 gravi
274 3240 352 3276 unrun
371 3223 504 3294 inpietatis
522 3225 614 3277 crimen
635 3244 677 3277 ex.
762 3241 804 3288 57.
823 3239 869 3274 noa
880 3222 1004 3273 advocato
1014 3221 1128 3274 damnati
1135 3222 1218 3294 scrip.

183 3293 378 3360 cogitatnmest.
403 3295 449 3347 Sed
460 3294 599 3346 observavit
611 3296 677 3347 Bur·
725 3293 790 3357 tum]
817 3291 963 3360 Suspicabar
976 3291 1108 3362 scriptam>
1132 3306 1161 3344 Ut
1184 3293 1230 3346 ad*

184 3375 290 3414 mannus
302 3363 368 3432 apud
381 3365 481 3417 Sueten.
494 3364 587 3416 Claud.
601 3383 623 3416 e.
633 3384 644 3416 1
651 3382 676 3432 ς.
724 3359 800 3428 Iegem
820 3359 966 3413 referretur=
995 3361 1033 3412 sed
1054 3362 1116 3413 nihil
1133 3374 1215 3414 muto.

148 3428 677 3572 ·stilti.f⁰¹¹{‘.¹i²t.t‘it3l{t·
725 3429 922 3571 issisti?
929 3429 1216 3568 ‘cilitiisissniili

183 3580 209 3618 et
226 3579 308 3621 tamen
324 3571 354 3621 de
390 3569 417 3624 lii
434 3573 535 3625 civitate
552 3539 676 3634 dubitari:
724 3569 858 3623 advocatus
868 3570 988 3621 damnato
1000 3536 1085 3640 patris
1103 3570 1216 3627 damnati

184 3639 337 3706 prodiretis
347 3641 465 3693 nimirum
477 3643 597 3694 Romanae
612 3642 676 3694 civi·
722 3640 789 3691 enirn
800 3637 869 3692 nulia
879 3639 1008 3701 hereditas,
1018 3657 1075 3691 curn
1087 3639 1154 3690 bona
1163 3639 1216 3704 ejus

184 3709 245 3759 tatis
265 3710 403 3778 gradibus:
433 3712 505 3779 (Vid.
532 3711 621 3764 Burin.
644 3712 676 3763 de
722 3709 891 3778 publicentur.
914 3709 1006 3778 Itaque
1034 3707 1217 3772 uinonadsuit

184 3777 285 3848 Vettig.
299 3780 329 3831 P.
340 3780 376 3832 R.
387 3797 410 3832 c.
426 3780 484 3848 rr.)
496 3797 541 3854 pro
552 3781 675 3833 conditio-
722 3779 787 3848 patri
809 3779 936 3838 damnato,
955 3779 986 3830 de
1007 3779 1013 3794 ‘
1034 3795 1050 3848 ,⁰
1069 3789 1136 3830 tacet
1157 3778 1212 3834 lexa

182 3863 214 3897 ne
230 3849 352 3910 mantne
369 3867 419 3918 qna
434 3849 559 3921 susceptus
576 3851 608 3902 esi
628 3849 675 3903 ali-
723 3849 768 3918 qui
788 3847 871 3901 adsuit
892 3848 1019 3909 damnato,
1039 3864 1089 3899 una
1111 3848 1212 3900 mulcti

183 3915 261 3984 (prist
281 3917 330 3970 sris
348 3919 450 3972 alterins
465 3921 528 3991 reip.
547 3919 673 3972 civiasac·
722 3917 767 3987 qni
793 3935 842 3970 non
864 3915 947 3970 adsuit
972 3916 1093 3978 absoluto,
1116 3917 1214 3970 exheres

183 3985 274 4048 tussit,
287 4003 310 4040 e.
323 3988 341 4040 i.
354 4005 382 4059 g.
396 4006 420 4040 a.
446 3991 481 4043 Et
492 3990 602 4042 nondum
614 4007 673 4041 con·
722 3987 771 4040 esti
791 3989 836 4057 qni
853 3985 934 4040 adfirit
952 3985 1116 4048 absolutate
1133 4004 1163 4038 eo
1174 3997 1214 4038 ta·

180 4053 238 4115 liat,
250 4055 281 4106 de
296 4059 368 4124 cujus
387 4059 428 4111 hic
445 4060 508 4129 reip.
525 4060 580 4112 eive
596 4059 674 4110 sermo
723 4067 763 4108 cet
773 4057 858 4110 itidem
870 4056 918 4109 lex.
945 4057 1007 4109 Haec
1019 4054 1219 4136 quatuorlidisi¹

181 4121 230 4244 pp:
248 4137 395 4205 apgumenta
409 4127 623 4184 declamationum
634 4145 674 4182 ar·
723 4129 836 4197 tingnis,
846 4126 910 4181 nihil
920 4125 968 4181 erit
978 4125 1119 4182 nnuman

210 4203 294 4247 unna.
552 4211 556 4220 ¹
597 4225 600 4232 ·

736 4279 829 4368 ud4
