3022 4920
224 387 286 454 ψ
459 351 1018 438 n.rAntteu1ncu‘1n1nnt

221 537 387 628 specialior
399 549 497 636 utque
509 537 646 624 apertior
658 547 750 605 tanto
764 536 817 612 est,
830 535 911 602 nihil
934 535 1147 606 dubitabitur.
1191 537 1289 608 sede

219 625 351 714 plenius
364 624 427 690 boc
447 624 531 688 rdem
547 636 644 710 atque
669 622 809 720 apertius
824 622 941 688 intueri
964 646 1005 690 ex
1019 625 1092 712 ipsis
1106 625 1257 712 operibus

221 715 310 778 uolo.
354 713 440 776 Num
462 709 541 797 quid
562 723 667 774 orator
682 733 714 772 en
734 708 887 772 laudando
905 708 1013 789 saciet,
1029 711 1086 776 nist
1108 711 1256 777 honesto·

221 817 294 865 tum
317 819 356 861 ec
380 795 520 881 turpium
547 795 688 882 peritus?
716 806 774 858 aut
795 795 829 860 in
843 795 1012 882 suadendo,
1035 797 1091 860 nist
1116 797 1257 864 utilitate

220 882 404 970 peripeEta?
429 893 486 946 aut
498 881 530 944 in
535 881 676 968 judiciis,
691 879 711 944 fi
725 877 855 966 justitiae
877 881 914 944 fit
936 881 1093 969 ignarus?
1141 883 1253 948 Quid?

222 985 289 1034 non
316 967 537 1033 fortitudinem
562 965 698 1052 postulat
718 983 768 1030 reu
794 965 917 1046 eadem,
943 990 1019 1032 cum
1040 969 1122 1054 saepe
1146 981 1258 1034 eontra

222 1053 424 1120 turbulentas
438 1053 549 1140 populi
563 1053 678 1132 minae,
692 1050 773 1136 saepe
787 1073 864 1116 cum
908 1053 1061 1120 ericulosa
1076 1053 1257 1140 potentium

221 1139 351 1217 offensa,
366 1160 619 1224 nonnumquam,
635 1149 671 1200 ut
690 1137 723 1200 in
736 1136 864 1223 judicio
886 1073 1079 1218 lliloniano,
1095 1139 1178 1204 inter
1191 1139 1256 1204 cir·

224 1223 368 1290 cumfuse
381 1223 521 1288 militu'm
537 1245 625 1288 arma
638 1222 810 1288 dicendum
825 1225 884 1288 fit:
910 1237 958 1302 ut,
972 1225 993 1288 sr
1009 1225 1111 1290 virtus
1122 1247 1186 1290 non
1200 1227 1256 1306 est,

221 1331 265 1376 ne
278 1309 417 1394 perfetta
430 1309 560 1396 quidem
583 1309 643 1372 elle
658 1308 748 1394 poffit
761 1308 875 1372 oratio·
920 1310 1021 1376 Quod
1036 1311 1056 1374 fi
1071 1333 1109 1376 ea
1124 1309 1157 1374 in
1173 1333 1254 1398 quo·
1268 1331 1290 1400 9

222 1415 287 1483 que
301 1395 488 1460 animalium
503 1396 546 1460 est
561 1393 672 1472 virtus,
688 1415 753 1480 qua
766 1395 889 1479 praellat
903 1408 1009 1460 cetera
1023 1394 1074 1460 vel
1093 1395 1256 1483 pleraque,

124 1502 132 1520 s
222 1481 315 1548 utin
336 1481 431 1548 leone
449 1480 601 1566 impetus,
616 1480 650 1543 in
673 1501 760 1564 equo
778 1477 950 1560 velocium
974 1479 1139 1546 hominem
1163 1501 1260 1568 porro

117 3457 119 3461 ,
227 3417 270 3464 re.

220 1565 348 1636 renone
373 1580 469 1654 atque
494 1566 638 1630 oratione
652 1564 807 1630 excellere
832 1566 947 1630 ceteris
969 1579 1093 1632 certum
1111 1567 1175 1632 est:
1199 1589 1259 1634 cur

223 1671 288 1718 nun
304 1666 370 1718 tem
386 1653 420 1716 in
435 1651 629 1738 eloquentia,
645 1672 744 1737 quam
758 1650 791 1712 in
806 1651 928 1716 ratione
943 1651 1095 1716 virtutem
1113 1652 1182 1738 ejus
1196 1653 1258 1718 elle

223 1737 410 1806 credamus?
450 1737 628 1824 Rettequer
648 1736 715 1800 hoc‘
726 1736 812 1822 apud
828 1737 1019 1802 Ciceronem
1034 1737 1152 1802 differit
1167 1738 1259 1804 Cras·

222 1823 288 1890 sun.
332 1824 386 1888 Est
407 1824 493 1888 enim
510 1822 675 1910 eloquentia
688 1819 751 1884 nna
765 1823 926 1908 precedam*
947 1823 983 1885 de
987 1824 1112 1908 summis
1127 1824 1255 1888 virtuli·

224 1909 291 1974 aas.
335 1909 380 1976 Et
392 1908 455 1996 ipse
471 1907 584 1972 Cicero
600 1909 632 1972 in
647 1915 655 1946 t
668 1908 730 1972 'sua
744 1908 885 1993 persona,
900 1919 993 1972 cumu
1008 1909 1051 1972 ad
1067 1911 1207 1974 Brutum
1222 1909 1256 1972 in
1270 1921 1313 1968 10

219 1993 372 2078 epistolis,
395 2007 467 2058 tum
495 1993 566 2059 aliis
595 1995 694 2060 etiam
719 1992 812 2072 loeis,
837 1995 986 2058 virtutem
1014 2015 1085 2058 eam
1107 1994 1256 2080 apellat.

222 2079 272 2144 At
286 2080 476 2166 prooemium
488 2088 501 2116 ¹
522 2078 695 2165 aliquando
708 2091 741 2141 et
756 2080 966 2144 narrationem
983 2078 1062 2142 dicit
1077 2016 1179 2144 malus
1193 2079 1271 2148 ho·.

222 2185 292 2246 mo,
308 2177 342 2230 et
360 2177 561 2252 argumenta,
584 2165 637 2242 stc,
661 2177 697 2228 ut
717 2163 798 2226 nihil
825 2165 862 2228 fit
886 2165 919 2227 in
942 2163 993 2230 his
1015 2165 1256 2251 requirendum.

222 2249 311 2316 Nam
330 2262 365 2316 et
386 2251 468 2316 latro
481 2251 640 2338 pugnabit
659 2249 785 2329 acriter,
800 2248 900 2314 virtus
921 2263 1028 2314 tamen
1044 2249 1106 2314 etit
1126 2249 1255 2316 fortitu·

256 2417 270 2449 τ
284 2401 357 2454 Rene
368 2403 399 2456 G.
465 2410 474 2437 ¹
492 2419 533 2451 oen.
546 2401 577 2452 G.
642 2401 650 2432 ⁸
668 2420 708 2449 om.
722 2401 753 2449 G.
770 2417 828 2450 cum
838 2402 901 2450 lens.
914 2403 984 2466 magis
997 2401 1096 2466 placeret
1111 2418 1142 2452 ex
1153 2403 1194 2454 sua
1204 2420 1258 2468 per·

225 2467 296 2522 bna}
357 2469 517 2518 ”turnlerri
583 2466 795 2531 *primumlenl

224 2629 288 2684 illud
304 2633 374 2685 aliter
391 2632 454 2686 milri
470 2631 578 2684 videtur.
614 2631 671 2682 Non
690 2648 716 2682 e·
763 2629 791 2682 t'n
808 2647 834 2682 ea
852 2629 927 2682 locun
943 2633 981 2683 ad
994 2631 1145 2683 laudandum
1166 2631 1256 2685 habere

225 2704 279 2754 nim
297 2702 413 2755 vocabuli
431 2701 537 2754 formam
556 2699 650 2770 refugit
667 2701 716 2752 Fa·
763 2700 895 2752 videatur.
932 2705 1082 2771 Qanqnam
1099 2701 1125 2752 in
1142 2701 1189 2753 lac
1204 2702 1257 2773 ipsa

226 2773 296 2834 bins,
307 2773 353 2842 qui
365 2791 391 2834 2,
405 2789 447 2838 ις,
460 2791 475 2822 2
478 2788 503 2837 5.
520 2769 716 2823 exercitatricem
756 2769 884 2840 sapientia
899 2770 955 2839 plns
969 2780 1085 2840 apparet.
1122 2772 1163 2822 lta
1170 2771 1256 2840 gravi

226 2853 252 2893 er
269 2841 452 2894 cavillantem
471 2841 579 2893 dixeritt
600 2839 639 2892 sed
659 2855 717 2893 ara-
757 2839 851 2908 judicio
863 2840 985 2910 multaque
1002 2849 1058 2892 arte
1062 2841 1091 2910 se
1102 2841 1213 2894 exercuit
1228 2841 1255 2894 in

225 2911 313 2963 tricem
323 2911 403 2963 forma
415 2913 456 2963 lita
467 2925 516 2962 non
528 2911 668 2980 respendere
679 2909 714 2961 sa·
764 2909 885 2974 veriffimo
909 2927 1000 2978 genere
1031 2909 1135 2962 dicendi.
1182 2912 1255 2963 Licet

225 2981 261 3032 tie
280 2980 417 3052 eloquentiae
435 2981 567 3042 vocabulo,
586 2979 715 3032 confirma·
763 2979 870 3031 virtutis
883 2997 971 3031 nornen
982 2995 1031 3030 non
1043 2980 1160 3048 posuerit,
1172 2991 1255 3032 tamen

225 3052 274 3103 vil.
764 3067 823 3101 eum
835 3049 961 3120 sapientia,
974 3049 1068 3100 summa
1079 3050 1180 3110 uirtute,
1193 3065 1254 3100 con·

218 3125 242 3186 J
264 3125 290 3173 8.
307 3119 334 3172 in
347 3119 441 3189 jancn
463 3119 613 3183 Miloniano]
665 3119 716 3172 uod
760 3118 858 3185 junxit.
877 3120 1002 3172 Caeterum
1011 3117 1109 3170 Crassus
1119 3119 1185 3188 apud
1197 3119 1254 3172 Cic.

224 3189 283 3242 satie
295 3191 321 3242 in
332 3190 432 3242 exordio
448 3193 568 3242 orationis
588 3189 657 3242 illiue
689 3208 715 3242 e·
763 3189 794 3240 de
805 3189 877 3241 Orat.
895 3207 918 3253 3,
933 3193 975 3242 18,
1006 3187 1096 3238 Stoicis
1108 3187 1182 3239 habet
1196 3205 1255 3256 gra·

225 3259 303 3314 clarat
314 3261 413 3312 Cicero.
763 3260 837 3320 tiam,
848 3257 961 3328 quudsoli
977 3271 1010 3308 ex
1021 3255 1128 3308 omnihus
1145 3257 1254 3328 eloquen-

262 3349 288 3398 9.
307 3347 325 3381 a
357 3329 532 3396 dCiceronem]
551 3331 590 3382 De
602 3325 674 3384 orae.
690 3347 715 3398 3,
763 3321 835 3392 darn,
856 3327 977 3379 virtutem
996 3341 1028 3377 ac
1040 3324 1192 3396 'sapientiam
1212 3325 1256 3398 effe

300 3401 342 3522 s
358 3399 422 3452 enim
438 3399 571 3470 eloquentia
587 3415 639 3450 aaa
650 3415 715 3469 qua-
762 3397 888 3450 dixerunt.
909 3409 912 3422 ¹

223 3471 285 3522 dam
318 3485 331 3522 e
341 3470 444 3541 Jitmmt's
460 3469 615 3534 virtualem
635 3483 715 3539 qnan-
801 3484 843 3518 to.
862 3465 920 3518 aliis
930 3464 956 3517 in
967 3464 1035 3532 letis]
1054 3467 1088 3516 V.
1103 3466 1141 3518 G.
1160 3466 1253 3520 Partit.

223 3555 299 3611 quam
307 3543 369 3612 stent
387 3555 466 3592 omnes
483 3539 593 3592 natum
612 3537 716 3609 aquales
763 3551 809 3600 ας.
828 3535 899 3588 Nihil
905 3533 1093 3605 enimestaliud
1107 3534 1253 3616 eloquentia,

224 3620 251 3662 et
257 3618 351 3679 pares.-
362 3610 411 3680 sed
419 3619 502 3662 tamen
519 3610 558 3690 est
558 3609 651 3730 ἦμάρ
661 3607 716 3659 alia
763 3604 809 3675 nist
827 3605 913 3676 copiose
934 3605 1029 3689 loquens
1044 3603 1181 3683 sapientia.
1218 3607 1254 3684 βε

223 3678 712 3821 lllllstlllttlsss
759 3675 1181 3812 lnlnnzllnln‘z‘ttf
1194 3675 1254 3820 Ιςίῑῑῑ

223 3821 312 3872 timue.
762 3814 840 3876 niani,
852 3816 944 3883 inquit,
955 3824 1085 3882 utramque
1094 3806 1152 3864 vin
1164 3821 1254 3864 vertu-

260 3905 304 3941 ιο.
322 3890 360 3942 ad
374 3883 478 3942 Brutum
494 3887 520 3940 in
537 3881 648 3959 epr‘stelle]
673 3884 713 3938 ll·
761 3893 810 3936 tem
820 3883 862 3954 effe
872 3883 943 3955 nostri
950 3891 1050 3952 putant.

221 3974 283 4011 num
306 3959 403 4011 invenio
424 3957 506 4012 locum
523 3973 565 4028 ep.
588 3974 631 4023 15·
662 3969 714 4024 qua
800 3973 842 4006 ro.
856 3947 923 4007 Nam
934 3963 959 4006 et
969 3953 1044 4018 latro]
1058 3949 1134 4004 Conf.
1148 3969 1208 4021 quae
1219 3952 1253 4005 de

221 4027 351 4085 Mellaltm
371 4028 537 4090 commend-at,
550 4028 624 4079 Cane
631 4031 715 4096 putet,
762 4021 810 4076 hoc
821 4023 867 4076 usu
879 4023 1127 4086 corrvintlionisnam
1140 4022 1252 4074 diximus

216 4097 351 4166 probitate,
382 4113 426 4150 mn
444 4096 525 4159 antia,
553 4111 616 4148 <reru
648 4093 710 4162 reip,
761 4093 833 4157 eda,
847 4091 1005 4160 rt,7.llam
1016 4091 1154 4146 ananan
1165 4103 1189 4148 et
1193 4093 1254 4164 ser·

222 4165 353 4248 quidquam
366 4167 412 4220 eie
429 4183 441 4218 e
444 4165 541 4234 fimiler
559 4175 587 4218 ut
602 4163 713 4244 eloquente
760 4162 805 4222 ut.

115 4243 116 4248 ’
219 4247 276 4304 ete,
292 4247 344 4309 qna
363 4235 515 4292 mirabiliter
532 4232 639 4298 antella,
660 4231 713 4290 vin
