3000 4908
431 386 600 447 rusrrr.
627 382 826 472 oraton.
853 367 938 444 tut
959 376 998 444 v.
1024 401 1069 447 ιο.
1211 394 1268 472 29?
1319 381 1323 391 '

192 547 287 616 ¹¹7ad
298 547 375 620 hunc
388 573 434 612 res
449 549 589 634 transeat.
635 546 797 633 Proprium
812 545 928 610 deinde
942 544 1094 640 materiae,
1107 545 1165 632 jus
1186 545 1265 631 pub·
1369 591 1371 594 -
1459 565 1462 582 ¹

172 711 175 718 Ι
204 635 205 640 '
244 632 294 696 tici
315 635 418 698 crediti
439 633 561 717 transire
576 633 619 696 od
638 633 777 706 victorem
799 655 855 694 oso
873 629 1003 718 potniffe,
1020 631 1197 715 quea,·oood
1211 645 1268 716 po-

242 717 331 803 pulos
344 718 510 795 crediderit,
525 718 655 787 cornibus
670 718 825 793 debeatur:
849 728 888 794 et,
904 715 1043 802 quorrdiu
1058 714 1181 798 quilibet
1194 740 1270 780 cous
1286 729 1289 738 '

235 802 430 888 superfuerit,
446 803 495 888 effe
509 809 573 865 eirrn
589 803 674 866 totius
682 803 810 886 firminae
825 800 1013 864 creditorem:
1038 799 1190 864 Thebanos
1211 825 1269 864 cu-

192 899 231 946 v118
246 899 302 950 teor
316 913 372 951 non
387 913 480 952 omnes
504 887 536 950 io
550 886 721 950 Alexandri
743 909 833 948 nronu
848 898 861 937 Β
875 882 978 970 ficiffe.
1024 883 1098 946 Hoc
1121 907 1185 948 non
1210 907 1268 950 ex·

118 965 123 974 ’
227 973 397 1038 'trinsecus
413 974 573 1060 probatur,
590 995 662 1070 quae
686 971 731 1033 vis
747 971 788 1032 est
810 969 1002 1056 argumenti,
1017 969 1070 1032 sed
1090 969 1190 1054 ipsum
1213 989 1280 1056 per

159 1121 162 1136 ,
244 1055 276 1120 se
291 1056 386 1128 valet.
429 1057 530 1122 Tertii
545 1057 609 1120 locr
627 1057 697 1142 bars
733 1055 795 1118 rior
808 1054 911 1140 magis
926 1053 1077 1140 vulgaris,
1092 1079 1150 1118 non
1171 1054 1203 1116 io
1219 1067 1269 1118 ta-

206 1147 209 1154 '
246 1140 321 1204 bolis
347 1141 397 1227 effic
410 1143 489 1229 jos:
521 1141 627 1227 itaque
651 1077 760 1204 mullis
784 1138 982 1227 argumentis
1006 1136 1137 1204 defendi,
1155 1141 1269 1225 potesti

243 1227 340 1290 Mens
355 1249 484 1313 quoque
498 1225 669 1290 Alexandri
690 1223 766 1289 duci
788 1223 883 1288 debet
905 1221 938 1286 in
958 1222 1103 1296 dubium,
1119 1225 1271 1290 honorarit

181 1338 184 1348 ¹
244 1335 300 1389 eos,
317 1336 357 1374 en
371 1311 522 1398 deceperit.
567 1309 652 1374 Illud
669 1309 738 1396 jem
758 1307 860 1372 rursus
883 1307 1023 1371 materiae
1046 1309 1220 1394 proprium,
1235 1321 1270 1376 et

243 1396 333 1460 velut
357 1397 448 1460 novae
471 1395 699 1471 controverfiae‚
727 1394 830 1480 quedl
853 1391 1026 1478 restitutione
1040 1393 1183 1480 ,recepiffl'
1200 1395 1268 1482 jus,

243 1481 332 1562 etiem
344 1481 379 1565 st
391 1481 470 1566 quod
497 1480 555 1542 croi
569 1480 654 1557 erint,
683 1479 816 1542 Thebani
841 1479 992 1541 videntur.
1036 1478 1103 1541 Hic
1132 1491 1175 1556 et,
1189 1476 1270 1564 quid

189 1630 207 1646 ,n
244 1565 411 1629 Caffander
427 1564 513 1644 velit,
530 1564 702 1650 quaeritur:
725 1562 843 1629 sedvel
858 1562 1068 1648 potentiffinoa
1083 1563 1168 1648 apud
1183 1569 1267 1628 Am-

192 1670 230 1718 ¹¹9
243 1649 432 1736 phicryonas
457 1649 541 1736 aequi
567 1647 712 1712 trebatio
731 1650 785 1712 est.
829 1649 928 1712 Haec¹
951 1671 1024 1712 non¹
1039 1645 1159 1712 idcirco
1181 1648 1267 1729 dico,

243 1733 330 1820 quod
343 1733 489 1798 inutilem
506 1735 621 1798 horum
636 1733 793 1810 locorum,
810 1755 849 1796 ex
868 1731 984 1818 quibus
1003 1746 1192 1818 argumenta
1205 1733 1269 1798 du.
1379 1801 1383 1806 ,
1419 1776 1420 1784 1

243 1832 371 1898 cuntur,
386 1818 605 1918 ecgnitionenr
619 1832 742 1906 putem,
757 1817 877 1904 alioqui
900 1839 958 1880 nec
980 1815 1190 1895 tradidissem
1214 1819 1268 1884 sed

243 1925 296 1982 ne,
317 1903 338 1966 fi
360 1927 415 1990 qur
437 1917 646 1991 cognocerent
667 1903 768 1980 istan
792 1915 895 1967 cetera
916 1901 1096 1990 negligant,
1112 1903 1269 1987 perfeblos
1378 1921 1380 1928 ⁴

151 2055 156 2060 ,
242 1988 273 2052 se
288 1989 431 2074 protinus
444 2001 541 2074 atque
555 1988 787 2052 consummatos
801 1999 933 2074 putent:
957 2000 1001 2068 et,
1016 1986 1070 2050 nifi
1090 1987 1123 2048 in
1140 1987 1270 2068 ceteriS,

266 2096 316 2137 uae
332 2097 406 2138 mox
424 2072 634 2160 praecipienda
655 2072 736 2151 sunt,
751 2071 991 2150 elaboraverint,
1007 2082 1131 2134 mutem
1153 2094 1268 2158 quaru-

152 2183 154 2190 ’
188 2187 231 2222 ¹20
243 2095 317 2222 bam
332 2159 494 2223 scientiam
509 2157 695 2222 consecutos
708 2157 900 2244 intelligant.
944 2158 1016 2221 Nec
1032 2156 1117 2220 enim
1134 2156 1269 2222 Artibus

243 2243 338 2308 editis
360 2243 558 2322 factumest,
573 2256 612 2308 ut
633 2256 821 2332 argumenta
843 2241 1076 2306 inveniremus:
1106 2241 1158 2306 sed
1183 2243 1270 2310 dicta

239 2323 315 2403 ‚suut
343 2329 463 2406 omnia,
487 2342 657 2415 antequam
682 2328 941 2414 praeciperentur:
979 2348 1114 2412 morea
1136 2329 1269 2416 scripto-

241 2417 291 2475 r'es
314 2413 476 2476 observate
499 2426 533 2476 et
557 2411 691 2476 collebia
712 2411 891 2476 ediderunt.
936 2411 1037 2498 Cujus
1057 2411 1102 2475 rei
1124 2413 1281 2497 probatio·

241 2497 296 2574 est,
312 2497 399 2582 quod
414 2496 567 2582 exemplis
581 2519 691 2560 eorum
706 2495 865 2560 veteribus
880 2507 1028 2576 utuntur,
1043 2509 1076 2560 et
1097 2497 1138 2560 ab
1159 2509 1266 2561 orato-

206 2652 208 2658 ,
241 2579 330 2644 ribus
352 2581 406 2645 illa
419 2593 589 2667 repetunt:
610 2583 663 2666 ipfi
687 2580 811 2645 nullum
834 2603 964 2659 novum,
980 2593 1025 2660 et,
1041 2581 1128 2666 quod
1143 2581 1270 2665 dicium

192 2694 228 2734 ru
243 2687 306 2728 non
323 2667 368 2744 fit,
386 2666 563 2730 inveniunt.
610 2665 755 2730 Artifices
770 2672 859 2751 erg0¹
875 2663 933 2742 illi,
949 2663 1006 2750 qui
1021 2665 1190 2729 dixerunt:
1214 2667 1269 2732 sed

242 2748 386 2814 habenda
401 2751 440 2814 iis
454 2773 583 2838 quoque
603 2751 704 2838 gratia
728 2751 781 2830 est,
799 2773 854 2838 per
878 2772 959 2836 quos
982 2749 1071 2812 labor
1093 2750 1185 2814 nobis
1209 2751 1266 2815 de-

244 2838 363 2902 traclus
379 2835 432 2900 est.
476 2837 574 2915 Nam,
591 2859 664 2923 quae
686 2835 803 2921 priores
825 2833 981 2898 beneficio
995 2833 1124 2920 *ingenii
1146 2833 1270 2923 singula
1339 2845 1342 2852 '

168 2945 169 2950 ¹
242 2917 444 2999 invenerunt,
459 2921 553 2984 nobis
567 2933 600 2984 et
620 2941 684 2982 non
706 2919 776 2983 sunt
799 2919 996 3005 requirenda,
1013 2933 1046 2982 et
1068 2929 1173 2982 notam
1195 2923 1267 2986 om-

243 3003 306 3068 nia.
351 3004 415 3070 Sed
430 3027 496 3068 non
511 3005 614 3092 magis
628 3005 691 3068 hoc
704 3003 749 3068 sat
763 3005 817 3082 est,
834 3025 930 3090 qnam
945 3004 1116 3090 palaellram
1139 3003 1268 3070 didicis-

242 3087 284 3168 se,
301 3090 355 3154 nist
372 3112 485 3176 corpus
498 3090 733 3169 exercitatione,
746 3088 951 3168 continentia,
965 3089 1056 3168 cibis,
1071 3099 1146 3156 ante
1160 3091 1270 3156 omnia
1382 3101 1385 3108 '

243 3187 354 3238 natura
361 3173 522 3261 juvetur⁰‚
539 3175 632 3240 ficeto
649 3187 759 3240 contra
773 3196 812 3237 ne
827 3173 881 3236 illa
894 3174 1024 3258 quidem
1040 3173 1111 3239 satis
1124 3174 1186 3239 fine
1201 3188 1268 3250 arte

189 3287 231 3324 122
243 3259 429 3345 profuerint.
474 3259 560 3324 Illud
586 3281 713 3347 quoque
743 3257 864 3322 studiofi
891 3259 1081 3344 eloquentiae
1111 3261 1267 3348 cogitent,

1 3343 28 3395 l·
115 3350 119 3356 ’
209 3367 348 3491 vneaue
362 3344 513 3409 omnibus
527 3345 560 3409 in
575 3347 682 3409 cauffis
697 3366 745 3423 ea,
762 3367 833 3430 quae
848 3343 1139 3424 demonstravimus,
1153 3345 1270 3412 cunita

243 3450 284 3514 po
307 3451 325 3491 e
340 3429 487 3516 reperiri:
510 3452 626 3516 neque,
642 3451 717 3493 cum
732 3427 887 3515 proposita
901 3427 996 3492 fuerit
1009 3431 1142 3494 materia
1157 3431 1267 3494 dicen-

243 3513 287 3592 di,
303 3513 470 3578 scrutanda
484 3514 615 3600 fingula,
631 3527 663 3578 et
685 3513 771 3577 velut
793 3513 926 3576 ostiatim
948 3514 1099 3598 pulsanda
1108 3527 1135 3592 P,
1148 3525 1187 3578 ut
1206 3513 1268 3580 sci-

241 3612 308 3679 ant,
324 3621 362 3663 an
378 3599 437 3662 adq
451 3599 648 3685 probandum
665 3598 708 3678 id,
724 3599 811 3686 quod
826 3597 1031 3678 intendimus,
1045 3599 1126 3663 forte
1141 3599 1269 3686 respon-

263 3775 286 3836 ’ῑ
305 3799 465 3848 manusJens.
528 3795 614 3860 hquia
626 3799 656 3845 G.
721 3795 887 3850 fenimrenr.
952 3797 1072 3860 ¹quoque
1083 3799 1114 3845 id.
1179 3763 1268 3852 ¹liunt

243 3865 282 3927 inst
294 3864 324 3910 id.
391 3872 402 3894 ⁰
418 3866 516 3923 juvatur
527 3864 557 3910 G.
623 3864 636 3890 0
653 3862 684 3910 stc
695 3863 758 3912 lens,
833 3869 845 3902 Ρ
864 3862 1007 3922 pulsandum
1018 3863 1072 3926 conj.
1085 3863 1200 3922 Francius,
1212 3867 1270 3932 quod

238 3929 313 3990 probo,
325 3929 368 3990 rufi
376 3928 441 3975 malis
452 3928 511 3976 ostia
521 3938 575 4006 nrm
584 3927 707 3988 pulsanda.
770 3936 783 3974 s
799 3928 916 3985 rubens·

279 4107 339 4155 118.
365 4122 399 4156 an
417 4103 549 4174 deceperit]
573 4105 639 4156 Cum
659 4103 729 4154 sciret
778 4101 839 4155 salos
851 4121 898 4156 non
913 4104 1017 4158 solvendi
1030 4106 1096 4174 quod
1108 4105 1233 4164 deberent.

118 4233 126 4245 .
241 4171 367 4233 nlmirum,
384 4173 478 4226 tabulis
495 4174 552 4226 licet
571 4174 679 4234 traditis,
691 4184 729 4224 ta·
815 4187 874 4225 120.
889 4175 940 4226 Nec
950 4174 1013 4227 enim
1025 4175 1138 4243 Artibus]
1152 4179 1213 4234 vid.
1226 4180 1266 4236 su.

128 4251 139 4319 j
240 4259 296 4294 rnen
307 4243 369 4296 nihil
377 4243 441 4311 juris
453 4260 481 4298 ea
491 4260 517 4296 re
529 4243 637 4313 accipere
646 4241 729 4298 -Thes-
778 4259 860 4326 prode,
875 4261 898 4310 5,
914 4260 956 4307 ¹4·
1339 4247 1343 4254 '
