2938 4910
413 428 579 492 lNSTIT.
599 431 801 494 ORATOR.
823 433 906 496 LlBt
927 435 980 512 Vl.
1000 453 1028 506 3.
1164 449 1224 515 359

145 596 188 679 36
200 587 447 681 periclitantium
462 594 531 660 vice
545 595 693 682 poffimus
705 598 738 660 ‘l
774 595 837 664 Sed
856 593 890 662 in
906 595 1015 660 snhola
1026 595 1124 662 rebus
1135 619 1219 685 quo-

200 701 264 766 que
286 680 357 768 ipfis
379 681 461 751 afflui
485 681 645 760 conuenit,
674 681 787 767 easque
812 703 899 746 veras
921 682 976 745 srbi
1000 681 1130 768 lingere,
1156 683 1220 750 hoe

200 765 318 853 magis,
343 765 530 854 quodillie
555 778 590 830 nt
618 765 794 852 litigatores
820 765 980 851 loquimur
1007 765 1219 854 frequentius,

199 872 296 937 quam
321 865 359 918 ut
383 851 542 926 advocati.—
584 851 709 916 Orburn
734 851 872 937 agimuS,
899 865 931 918 et
955 849 1157 938 naufragum,
1185 865 1220 926 et

199 935 449 1020 periclitantemr
482 957 621 1024 quorum
641 935 796 1003 induereu
821 936 965 1021 personas
988 935 1066 1022 quid
1091 937 1232 1018 attinet,¹

199 1019 253 1087 nist
267 1021 397 1090 affeetu
410 1021 615 1088 assumimus?
645 1023 727 1092 Haec
742 1020 962 1086 diffimnlanda
975 1021 1055 1094 mihi
1069 1043 1131 1086 non
1145 1021 1217 1088 sue-

197 1115 285 1185 runt,
311 1108 429 1193 quibus
453 1107 528 1192 ipse,
554 1106 829 1204 quantuscumque
851 1105 933 1185 sum,
960 1119 1016 1172 aut
1039 1103 1098 1187 sui,
1128 1112 1216 1192 (nam

197 1191 367 1275 pervenisse
379 1214 431 1260 me
445 1192 484 1256 ad
497 1191 625 1278 aliquod
640 1213 756 1256 nomen
771 1189 892 1278 nigenii
906 1189 1013 1272 oredo)
1036 1189 1218 1277 frequenter

196 1287 305 1344 motus
317 1276 396 1356 snm,
412 1288 449 1347 ut
462 1299 514 1343 me
527 1299 593 1346 non
607 1275 750 1340 lacrimae
759 1274 862 1352 solum
874 1275 1148 1362 deprehenderint,
1162 1277 1221 1346 sed.

195 1359 308 1446 pallor,
323 1375 357 1426 et
372 1362 566 1438 verosimilis
580 1361 682 1426 dolor.
1283 1363 1288 1374 '

238 1448 302 1510 111.
328 1449 416 1528 (IV.)
441 1446 530 1515 Huio
544 1446 662 1522 diense
680 1444 791 1524 virtue,
805 1465 877 1532 quae
898 1445 988 1531 risum
1001 1444 1121 1533 judicis
1142 1469 1214 1514 mo·

194 1529 298 1594 vendo
312 1540 345 1594 et
358 1531 432 1596 illos
447 1533 546 1598 tristes
558 1530 650 1596 solvit
674 1529 816 1611 effedlus,
830 1543 864 1594 et
884 1529 1025 1597 animum
1034 1533 1092 1613 „ab
1107 1531 1220 1616 intenf,

195 1614 283 1678 tione
296 1637 401 1679 rerum
418 1615 463 1680 fre
486 1621 597 1682 uenter
611 1616 734 1695 avertit,
750 1629 782 1680 et
795 1615 966 1703 aliquando
983 1615 1080 1682 etiarn
1100 1617 1214 1700 reficit,

194 1710 228 1762 et
241 1722 260 1762 a
273 1700 412 1768 satietate
428 1639 508 1768 vela
520 1701 575 1765 fati
618 1700 704 1766 tione
718 1714 859 1774 renovat.
903 1701 1033 1766 Quanta
1047 1698 1084 1765 'fit
1104 1716 1214 1768 autem

194 1781 227 1856 in
249 1805 287 1850 ea
308 1785 487 1866 difficultas,
502 1787 553 1850 vel
600 1809 642 1852 uo
660 1785 789 1850 maximi
811 1799 962 1866 oratores,
976 1785 1056 1852 alter
1080 1789 1215 1869 Graecae,

162 1865 271 1938 aliter
285 1871 406 1934 Latinae
421 1871 450 1934 el
496 1872 610 1938 uentise
644 1871 931 1958 rincipes,doeenr.
967 1873 1054 1946 Nam
1070 1871 1213 1960 plerique

192 1953 399 2020 Demostheni
420 1957 468 2022 fac
504 1970 601 2021 tatem
621 1894 715 2056 hujus
735 1956 781 2020 rei
802 1955 931 2036 defuisse
952 1957 1100 2035 credunt,
1117 1955 1214 2032 Citio,-¹

191 2039 261 2103 roni
285 2041 430 2114 modum.
474 2040 667 2116 Neoriderr
690 2041 789 2128 potest
817 2039 946 2111 noluiffe
969 2041 1212 2124 Demosthenes,

190 2123 282 2210 cujus
296 2147 397 2212 pauca
409 2125 582 2192 admodum
597 2127 681 2192 dieta
693 2139 719 2204 ¹,
735 2149 794 2190 nee
808 2125 878 2190 sane
892 2125 1006 2190 ceteris
1020 2125 1087 2226 ejus
1108 2127 1212 2192 virtu-

190 2207 278 2273 tibus
301 2211 351 2275 res
408 2212 528 2292 dentia,
544 2213 648 2298 palam
673 2211 852 2290 ostendunt,
868 2231 932 2274 non
955 2210 1007 2276 dis
1024 2211 1140 2276 licuisse
1162 2212 1215 2278 illi

156 2290 288 2382 3jocos,
304 2295 332 2360 se
374 2319 438 2360 non
461 2297 636 2386 contigisse.
679 2297 791 2361 Noster
812 2317 897 2376 vero,
913 2317 977 2362 non
1000 2233 1102 2362 lhlum
1124 2309 1213 2365 extra

183 2375 319 2463 judicia,
336 2380 434 2445 sedin
457 2381 527 2468 ipfis
543 2382 639 2447 etiarn
660 2379 868 2462 orationibus,
881 2379 1009 2450 habitus
1031 2383 1072 2446 est
1094 2381 1213 2448 nimine

190 2462 269 2526 risus
289 2465 461 2532 affed'tator.
504 2467 591 2532 Mihi
611 2467 753 2553 quidem,
769 2466 829 2530 live
852 2465 886 2528 id
907 2465 992 2530 redte
1010 2464 1136 2552 judico,
1149 2465 1212 2532 five

190 2567 297 2612 errrore
312 2549 486 2615 immodico
499 2552 593 2636 praed
616 2551 649 2615 ui
663 2552 696 2615 in
710 2551 892 2638 eloquentia
914 2549 972 2614 viri
992 2550 1083 2615 labor
1091 2563 1116 2630 ²,
1132 2551 1214 2617 mira

156 2631 335 2718 4quaedam
350 2634 473 2699 videtur
487 2636 518 2698 in
535 2659 574 2700 eo
588 2575 676 2700 hille
685 2634 858 2702 urbanitas.
873 2636 959 2700 Nam
974 2647 1007 2699 et
1021 2635 1053 2698 in
1069 2636 1212 2701 sermone

190 2718 376 2802 quotidiano
390 2721 503 2800 multa,
519 2721 598 2786 etin
614 2720 870 2789 altercationibus
882 2731 905 2798 ¹,
922 2731 955 2782 et
977 2719 1212 2806 interrogandis

189 2801 318 2868 testibus
340 2804 442 2890 plura,
458 2828 554 2892 quam
578 2805 757 2893 quisquam,
771 2805 853 2870 dixit
873 2803 988 2884 facete,
1003 2817 1037 2870 et
1059 2803 1115 2870 illa
1132 2804 1209 2892 ipsa,

189 2909 262 2972 quae
287 2889 411 2952 suntin
438 2891 571 2954 Verrem
597 2891 683 2956 dista
706 2889 864 2976 frigidius,
888 2889 960 2954 aliis
981 2889 1157 2976 affignavit,
1177 2903 1211 2956 et

188 2971 358 3037 testimonii
371 2972 445 3038 loco
456 2975 581 3062 posuit:
605 2989 653 3055 ut,
668 2997 733 3062 quo
746 2977 819 3038 sunt
834 2996 887 3038 ma
912 2973 939 3038 's
951 2973 1105 3060 vulgaria,
1120 2997 1159 3038 eo
1174 2975 1210 3040 fit

187 3057 382 3138 credibilius,
398 3059 453 3124 illa
470 3060 509 3124 ab
531 3073 654 3125 oratore
676 3081 740 3123 non
762 3058 844 3139 fieta,
859 3058 888 3122 se
954 3059 1037 3124 affim
1059 3059 1119 3124 elle
1143 3059 1219 3131 'ac-¹

152 3153 262 3232 μαῖα,
307 3145 440 3210 Utinam
457 3145 612 3226 Quintus,
628 3144 685 3209 etb
700 3145 832 3210 libertus
847 3143 915 3232 ejus
928 3081 1018 3226 l'iro,
1034 3156 1114 3210 eut⁶
1129 3145 1209 3218 alins
1300 3215 1302 3220 ,

218 3361 366 3421 rpoffumus
385 3363 449 3414 lens.
476 3375 497 3412 et
518 3363 551 3414 al.
572 3375 610 3428 ep.
631 3365 690 3412 Bur.
705 3363 771 3426 fem
791 3379 840 3410 cum
861 3363 1018 3414 exclamatione
1036 3365 1207 3428 intelligendrm.

187 3430 199 3454 ⁰
219 3425 330 3474 inducere
340 3429 418 3486 lens„
469 3435 480 3460 ¹
499 3430 571 3478 dutia
582 3431 612 3478 G.
688 3434 700 3460 ¹
717 3429 872 3476 laborolens.
945 3430 1161 3480 ²eltricationibus
1173 3431 1209 3478 lu'e

185 3498 207 3536 et
212 3489 342 3556 plerumque
353 3493 386 3540 G.
449 3491 518 3542 lom.
531 3495 562 3542 G.
581 3493 681 3543 luam.
745 3494 914 3544 teredens.

220 3683 246 3717 2.
273 3667 422 3742 Demostheni
443 3671 551 3744 desuiffe]
582 3673 671 3726 Cicero
718 3670 954 3750 apophthegmatum
966 3669 1051 3723 refert·

185 3747 267 3787 tamen
290 3739 362 3790 Orat.
384 3758 408 3791 c.
434 3746 476 3793 26.
507 3741 672 3812 Demqlhenes
756 3758 779 3806 ς.
801 3741 902 3792 Unnam
921 3739 1077 3812 Quintus&
1090 3739 1204 3807 Μ]

125 3861 128 3866 Δ
184 3803 377 3860 minushabetur
387 3807 496 3862 facetus:
516 3829 561 3881 quo
577 3811 671 3882 quidem
719 3809 860 3863 Probabilis
889 3809 1023 3862 admodum
1051 3809 1084 3864 est
1111 3809 1207 3864 Mureti

184 3873 248 3926 nihil
267 3874 326 3928 mihi
346 3877 449 3931 videtur
468 3879 603 3935 urbaniusr
624 3881 674 3954 sed
719 3880 836 3932 sententia
857 3881 891 3931 V.
913 3881 946 3931 L.
968 3882 1056 3948 192⁶·
1074 3877 1206 3948 legffldum

184 3959 231 3993 mn
250 3953 302 3995 tam
317 3945 392 4000 dicax
405 3947 461 4015 suit
475 3967 549 4030 paam
559 3950 671 4018 facetus.
720 3947 773 4010 esse,
784 3959 815 4000 ut
826 3947 875 4020 ipse
886 3949 913 4001 in
923 3950 999 4001 veteri
1017 3947 1084 4000 libro
1094 3947 1207 4003 inveniffe
1301 3989 1308 3992 --

184 4011 225 4080 Est
232 4023 317 4090 'aurem
328 4014 391 4068 illud
398 4018 501 4071 acriores
517 4019 616 4088 ingenii,
629 4019 671 4070 hoc
718 4019 763 4079 ait,
775 4016 915 4088 utinamque
926 4015 1035 4076 libentes.
1059 4017 1122 4070 Fuit
1130 4019 1204 4070 niuri-

183 4081 286 4148 massis
304 4084 378 4137 anis.
405 4086 553 4140 Plutarchus
574 4090 600 4142 in
618 4091 670 4141 vita
718 4103 774 4140 rum
786 4087 910 4155 particula
920 4087 963 4139 illa
976 4103 1027 4140 una
1043 4085 1120 4138 modo
1134 4085 1206 4141 litera

182 4153 384 4285 entant:
398 4159 671 4288 :gessenna
718 4166 1089 4296 emittm
1112 4155 1206 4281 :ut

366 4253 391 4282 a,
564 4278 569 4289 ι
649 4277 653 4288 ,
1149 4261 1158 4288 2
1303 4258 1307 4263 '

183 4299 211 4338 at
230 4283 318 4338 deinde
338 4303 416 4340 unum
433 4288 585 4360 uterumque
602 4290 670 4344 illius
718 4292 821 4363 seripst.
848 4295 873 4348 Si
885 4294 1028 4365 quianon
1037 4295 1143 4363 abjicere
1154 4294 1206 4351 vel·

284 4403 287 4409 i
728 4380 751 4427 Α
765 4380 818 4445 ³4
1101 4417 1103 4422 .
