2938 4910
117 2195 121 2200 ·
239 2189 313 2254 qnae

249 383 313 468 396
501 379 549 446 Μ.
570 379 696 444 rnen
717 379 1064 464 effluentium

247 547 390 637 periture
410 545 470 612 fint
487 545 608 612 omnia.
653 542 706 612 Sie
729 543 844 624 oratio,
861 566 970 610 careno
995 541 1057 612 hec
1079 541 1208 624 virtute,
1223 555 1284 612 tu-

246 631 429 700 multuetur
448 632 569 698 neoeffe
582 632 637 711 est,
652 643 686 698 et
705 630 768 696 tine
790 631 912 696 restore
933 629 1049 710 fluitet,
1064 635 1147 696 uec‘l
1170 631 1281 696 cohae-

245 731 315 784 reat
338 719 416 786 fibi«
442 715 546 784 multe
569 728 704 804 repetat,
718 715 822 782 muita
845 716 993 796 transeat,
1019 714 1108 780 velut
1131 716 1223 784 noue
1243 717 1282 782 in

247 803 370 892 ignotis
392 802 473 870 locis
494 823 620 868 errant:
645 823 706 868 nec
720 800 816 868 initio
829 823 890 867 nee
905 801 967 866 fine
990 800 1161 890 propofito,
1174 802 1280 870 catum

290 891 365 970 tius,
381 909 477 976 quarn
499 885 678 968 consilium,
691 886 853 973 sequetur.
898 888 1104 974 Quapropter
1124 898 1212 952 totus
1226 886 1317 954 hiet

259 975 328 1040 iber
338 975 453 1040 serviet
468 972 688 1062 dr'spofitimi’,
718 995 772 1038 ure
789 969 934 1058 quidem,
950 971 972 1036 ii
995 985 1082 1036 certa
1100 963 1207 1059 aliqui
1229 972 1282 1038 vie

246 1060 328 1126 trudi
343 1060 376 1124 in
391 1079 504 1126 omnes
517 1057 664 1124 materiae
725 1079 746 1121 o
760 1056 860 1124 modo
879 1057 989 1146 postet,
1004 1077 1069 1122 non
1083 1067 1149 1122 tam
1170 1058 1282 1144 peuoie

203 1191 206 1198 1
241 1144 437 1232 eontigiffet.
480 1143 557 1226 Sed,
572 1165 648 1210 eum
671 1141 805 1208 infinite
827 1135 935 1208 litium
953 1140 1066 1208 formae
1079 1141 1209 1222 fuerint,
1224 1143 1280 1208 fir·

243 1245 388 1318 ruraeque
412 1231 483 1308 fint,
498 1241 533 1294 et
553 1241 604 1294 tot
627 1226 740 1294 seculis
764 1227 854 1294 nulla
875 1239 998 1314 reperta
1019 1227 1057 1292 srt
1076 1229 1191 1306 caussa,
1206 1251 1281 1316 qum

243 1316 320 1382 etset
339 1327 407 1382 tota
427 1313 520 1380 alteri
543 1312 662 1393 firnilie,
676 1312 773 1399 sapiat
792 1323 920 1402 oportet
934 1313 1034 1392 atior,
1049 1324 1082 1378 et
1105 1312 1229 1402 vigilet,
1245 1327 1281 1378 et

244 1401 397 1481 inveniat,
413 1413 448 1466 et
463 1397 600 1486 judicet,
613 1413 647 1464 et
661 1395 827 1464 confilium
841 1397 905 1464 ase
930 1393 999 1483 ipso
1019 1409 1120 1483 perat.
1163 1401 1280 1485 Neque

242 1486 359 1552 infitias
377 1507 434 1586 eo,
454 1483 602 1572 quedam
627 1481 699 1563 esse,
713 1505 788 1571 quae
809 1481 1012 1548 demonstrari
1034 1484 1160 1570 poflint,
1177 1506 1280 1572 eaque

240 1591 305 1636 nou
320 1583 482 1637 omittam.

286 1659 315 1721 1.
347 1655 429 1738 (Il.)
454 1655 504 1720 Sit
528 1653 628 1742 igitur
650 1660 700 1737 (ut
724 1651 815 1740 supra
831 1649 1015 1742 fignificavi)
1041 1653 1157 1739 divim,
1171 1675 1279 1722 rerum

149 1781 154 1788 ,
240 1741 383 1830 plurium
406 1741 440 1806 iu
466 1739 626 1868 finpulasr
658 1741 793 1826 partitio,
815 1740 1007 1827 srngulamm
1031 1737 1065 1804 in
1086 1753 1190 1824 partes
1212 1739 1277 1804 dis-

241 1839 348 1894 cretus
362 1825 453 1906 ordo,
469 1837 503 1890 et
540 1824 626 1889 reete
644 1824 792 1912 quaedem
809 1825 950 1890 locatioss
971 1823 1128 1910 prioribus
1143 1825 1276 1910 sequen-

241 1913 287 1976 tia
300 1911 492 1978 annonem:
516 1909 672 1998 dispositio,
688 1909 780 1974 utilis
793 1931 897 1976 rerum
913 1931 950 1974 ac
965 1909 1102 1996 partium
1119 1910 1151 1972 in
1166 1910 1276 1974 locos¹¹

238 1996 432 2062 distributio.
476 1994 541 2060 Sed
568 1993 823 2076 meminerimus,
847 1995 947 2082 ipsam
973 1993 1180 2081 disppsttiomm
1203 1995 1309 2081 ple-2

240 2099 311 2148 rum
336 2104 377 2146 ue
405 2080 546 2148 utilitate
569 2077 698 2158 mutari,
727 2102 787 2146 nee
816 2080 962 2146 eamdem
991 2080 1054 2144 iem
1096 2102 1113 2142 r
1141 2079 1277 2166 primam

314 2104 448 2249 iionmn
466 2187 509 2230 ex
524 2177 663 2252 utraque
679 2179 767 2250 porte
788 2163 997 2231 tremendam.
1072 2161 1146 2252 ujus
1165 2162 1223 2243 rei,
1238 2178 1279 2230 ut

238 2263 346 2316 cetera
367 2249 514 2336 exempla
531 2251 750 2335 ipraeteream,
772 2249 1006 2316 Demosthenes
1028 2271 1158 2337 quoque
1181 2263 1279 2335 etque

236 2335 405 2404 AEschines
463 2331 546 2402 ffunt
559 2331 619 2398 effe
639 2333 847 2416 documento,
861 2335 893 2399 in
909 2333 1036 2422 judicio
1059 2331 1278 2422 Ctesiphontis

173 2439 177 2448 ’
237 2422 397 2500 diversum
423 2419 510 2486 eouti
523 2417 681 2500 ordinem,
696 2442 772 2486 curu
790 2421 985 2486 accusatore
999 2419 1087 2508 jure,
1102 2442 1169 2506 quo
1183 2418 1275 2484 vide-

238 2509 332 2575 batur
347 2505 521 2594 potentior,
537 2506 691 2592 eoeperit:
755 2515 865 2572 tronus
888 2506 1009 2585 omnia,
1025 2505 1077 2570 vel
1098 2527 1179 2591 pene
1200 2525 1275 2569 om·

237 2591 302 2674 uio,
318 2604 393 2659 ante
412 2591 469 2679 jue
534 2589 641 2669 suerit,
661 2589 718 2677 qui
741 2613 781 2656 ue
799 2589 944 2678 judicem
971 2589 1136 2689 questioni
1159 2591 1274 2678 legum

258 2690 436 2766 raepararet.
505 2674 581 2748 ,iud
604 2673 692 2742 enirn
714 2675 794 2742 aiiik
816 2675 931 2742 docere
953 2698 1039 2764 prius
1061 2675 1212 2763 expedit:
1234 2683 1308 2750 a-3

234 2701 260 2828 ii
305 2762 338 2828 ui
352 2759 474 2850 semper
487 2760 633 2850 petitoris
646 2759 779 2826 arbitrio
793 2760 953 2828 diceretur
967 2787 976 2826 ε
1000 2759 1139 2850 denique
1161 2761 1194 2824 iu
1216 2783 1272 2826 ec·

236 2786 399 2914 moitione
418 2857 532 2912 mutua
540 2852 558 2926 ¹,
574 2867 649 2912 cum
672 2846 704 2910 se
727 2858 865 2934 uterque
885 2843 1049 2926 defendat,
1062 2835 1163 2932 prius‘
1175 2868 1274 2946 quam

235 2932 446 3000 adversarium
470 2941 596 3018 arguat,
615 2929 764 2996 omnium
784 2953 893 2996 rerum
917 2932 1038 2998 neoeffe
1060 2931 1104 2996 est
1124 2929 1275 3000 ordrnem

236 3017 297 3084 effe
321 3017 489 3084 diversum.
535 3013 651 3104 Igitur,
677 3013 789 3102 quidm
816 3029 904 3105 ego¹¹
934 3018 990 3082 iim
1020 3017 1158 3096 secutus,
1184 3018 1274 3104 quod

132 3105 136 3112 '
234 3103 351 3192 partim
366 3099 543 3190 praeceptis,
559 3099 673 3188 partim
692 3101 877 3188 usurpatum
898 3102 1022 3188 ratione
1044 3123 1273 3202 cognoveram,

234 3207 403 3276 promam:
428 3207 563 3250 uocum
588 3207 661 3250 uam
684 3183 884 3255 diffimunvi.
928 3189 1005 3253 Erat
1025 3185 1107 3252 mihr
1130 3210 1215 3252 curae
1237 3189 1308 3259 in4

235 3271 453 3340 eontroversris
467 3269 579 3337 forent
603 3292 642 3334 ue
654 3269 739 3336 noiie
759 3275 880 3355 omnia,
896 3295 970 3360 quae
991 3273 1024 3338 in
1046 3271 1273 3356 centieversa-

213 3403 216 3408 .
234 3372 356 3428 rentur.
399 3355 489 3422 Nam
508 3356 543 3420 in
564 3353 672 3420 schola
696 3368 784 3421 certa
803 3362 887 3441 sunt,
902 3371 935 3423 et
949 3379 1061 3444 pauca,
1076 3371 1110 3422 et
1123 3370 1198 3422 ante
1211 3357 1272 3422 de·

235 3441 462 3514 clamationem
476 3453 691 3528 exponuntur,
707 3463 781 3528 quae
796 3443 923 3530 uiuere
936 3445 1043 3508 Graeci
1066 3456 1192 3521 vocant,
1211 3443 1270 3508 Ci-

235 3537 310 3596 eero
339 3527 502 3620 propqsite.
559 3523 644 3592 Cum
673 3523 745 3590 haec
770 3526 804 3591 in
833 3527 1002 3614 eonspeeiu
1031 3527 1276 3616 quodammodo

254 3749 256 3752 ’
268 3754 279 3786 ¹
298 3764 323 3802 et
334 3767 365 3800 ne
374 3751 438 3800 Jens.
449 3760 474 3800 et
484 3765 530 3799 nee
541 3743 573 3798 G'.
639 3756 650 3781 ‘
668 3751 777 3800 diritioni
789 3751 820 3800 G.
886 3748 898 3783 s
913 3769 954 3800 om.
967 3751 998 3799 G.
1048 3760 1052 3772 ¹
1065 3741 1076 3788 θ’
1094 3753 1222 3802 collocatio
1238 3754 1271 3802 G.

234 3816 247 3856 Ι·
263 3819 320 3866 loco
329 3818 393 3866 Jens.
458 3815 464 3848 ¹
484 3827 551 3866 extre
562 3815 593 3862 0.
605 3833 633 3861 ex
643 3815 763 3879 compendio
768 3816 887 3880 scribendi.
953 3815 967 3852 k
984 3816 1032 3866 Hor
1046 3817 1102 3864 ratio
1109 3819 1188 3882 pesco,
1201 3829 1222 3864 er
1232 3819 1260 3866 vi

234 3880 447 4011 fitigpriuppodd.
531 3880 538 3911 ¹
555 3897 597 3929 om.
608 3879 672 3928 Jens.
683 3890 712 3930 ut
721 3895 828 3930 vacuum
840 3881 863 3929 fe
872 3891 908 3930 ut.
919 3881 952 3930 G.
1049 3887 1069 3912 ¹²¹
1087 3883 1153 3944 quod
1165 3881 1196 3932 0.
1206 3882 1272 3934 Jtns.

270 4111 334 4171 Inr-
346 4079 590 4178 fitprapignificavi]
607 4063 640 4169 4,·
650 4125 674 4174 5,
689 4125 716 4172 r,
774 4125 862 4178 nempe
871 4107 933 4156 θέσιν
943 4109 1102 4169 Graecomrn,
1111 4109 1272 4179 questionem
1297 4104 1303 4114 '

270 4175 726 4252 4.Cicfropropostta]'1'op.2r.et
751 4179 910 4238 infinitam,
940 4195 997 4246 quae
1028 4177 1165 4249 oppofitem
1194 4181 1272 4234 habet

234 4248 305 4302 rm.
329 4252 372 4302 18.
395 4247 436 4304 sed
463 4245 549 4318 paullo
571 4243 726 4310 alionum
775 4243 1164 4321 minueruproprfiturnappeliar.
