3022 4920
10 3171 20 3473 l

397 474 404 488 ,
443 363 1043 471 trrsrrr.u.nnron.2mn.1‚10.
1213 419 1249 485 7³

223 577 322 648 tetur,
339 589 435 658 quam
452 569 473 633 fi
488 568 677 658 quadratum
691 567 821 658 paribus
834 565 898 632 oris
917 565 1089 652 [efficiat⁸.]
1135 565 1254 637 Rursus

224 654 381 742 quadrata
403 655 585 743 trianguli&
602 654 762 743 triangula
783 654 848 741 ipsa
869 653 942 740 plus
962 651 1062 750 aequis
1087 653 1252 735 lateribus,

156 756 211 822 '42
225 763 321 825 quarn
336 739 559 840 inaequalibus.
604 741 666 805 Sed
688 739 749 804 alia
764 737 888 803 forsitan
902 737 1100 802 obscuriora:
1124 761 1182 804 nos
1202 742 1251 807 fa-

225 825 382 894 cillimum
397 840 493 890 enam
515 826 558 890 im
600 827 669 892 ritis
689 825 858 912 sequamur
880 823 1145 909 experimentum.
1189 830 1252 892 Ju-

224 912 295 996 geri
323 911 532 991 mensuram²,
558 849 714 978 diremtos
741 924 776 974 et
802 908 1015 996 quadraginta
1042 909 1255 997 longitudinie

224 996 322 1081 pedes
346 995 418 1075 else,
441 996 642 1084 dimidioque
666 997 699 1061 in
725 994 927 1060 latitudinem
953 989 1068 1080 pedete,
1095 1005 1160 1060 n'on
1188 997 1254 1065 lere

225 1083 391 1168 quisquam
407 1083 462 1161 est,
480 1082 535 1168 qui
556 1083 702 1171 ignoret:
726 1095 760 1146 et
774 1081 847 1168 qui³
868 1080 903 1143 srt
919 1079 1082 1160 circuitus,
1097 1095 1130 1146 et
1151 1087 1253 1170 quari.

169 1184 211 1252 43
226 1179 296 1232 tum
316 1167 421 1254 campi
443 1167 581 1248 claudat,
596 1167 750 1256 colligere
771 1189 809 1230 ex
852 1166 967 1230 ditum.
1011 1165 1058 1230 At
1079 1172 1206 1234 centeni
1221 1181 1255 1241 et

226 1252 378 1340 odiolgeni
398 1253 430 1316 in
446 1275 607 1340 quamque
620 1267 742 1340 partem
754 1187 874 1338 perlis,
889 1251 974 1315 idern
997 1251 1130 1338 spatium
1147 1267 1252 1320 entre·

225 1338 359 1418 mittatis,
369 1338 422 1404 sed
436 1339 540 1404 multo
552 1339 691 1426 amplius
705 1338 836 1403 clausaeb
851 1350 990 1424 quatuor
1002 1336 1095 1400 lineis
1111 1361 1190 1404 areae
1205 1340 1253 1406 fa·
1296 1413 1297 1418 η

225 1422 328 1489 ciunt.
373 1424 411 1488 ld
431 1426 451 1488 fi
468 1439 653 1510 computare
667 1445 762 1524 quem
778 1423 881 1509 piget,
896 1421 1093 1486 brevioribus
1114 1428 1255 1492 numeria

225 1507 313 1572 idem
337 1509 455 1574 discat:
480 1531 553 1574 nam
576 1509 651 1574 deni
673 1532 706 1573 1n
722 1509 898 1596 quadrumc
921 1507 1029 1592 pedes,
1045 1509 1255 1598 quadraginta

225 1615 283 1680 per
304 1616 405 1672 oram,
421 1595 503 1658 intra
524 1608 653 1660 centum
676 1607 781 1659 erunt.
825 1594 872 1656 At
886 1592 906 1655 sr
922 1592 1107 1678 quinideni‘l
1129 1599 1185 1680 per
1205 1597 1253 1662 la-

226 1693 307 1759 tera,
332 1681 421 1767 quini
446 1680 479 1744 in
504 1679 609 1744 fronte
633 1681 710 1744 fint:
736 1701 776 1744 ex
801 1677 869 1756 illo,
892 1677 982 1764 quod
1006 1678 1256 1764 amplediuntur‚

171 1778 372 1852 44quartam
398 1765 560 1830 deducent
581 1765 696 1830 eodem
721 1763 978 1830 circumdudlw.
1024 1764 1058 1828 Si
1081 1787 1155 1830 vero
1180 1791 1255 1855 por-

226 1849 305 1914 retii
319 1851 484 1938 utrimque
496 1851 686 1916 undeviceni
708 1847 840 1937 singulis
853 1849 978 1927 distent,
995 1869 1059 1912 non
1082 1850 1188 1936 plures
1202 1854 1255 1918 in·

226 1948 280 2000 tus
295 1935 465 2023 quadratos
486 1936 661 2016 habebunt,
677 1957 774 2021 quam
790 1955 846 2020 per
867 1947 948 2021 quot
968 1933 1140 2020 longitudo
1155 1937 1255 2004 duce·

226 2031 299 2086 tur:
323 2043 396 2108 quae
411 2021 593 2086 circumibit
609 2036 717 2086 autem
731 2019 828 2098 linea,
844 2018 982 2106 ejusdem
1004 2019 1022 2083 s
1056 2019 1093 2083 tii
1108 2021 1180 2102 erit,
1195 2046 1255 2090 cu.

172 2105 277 2193 45jus
293 2129 342 2185 ea,
357 2127 430 2193 quae
452 2120 583 2171 centnm
605 2107 763 2175 continet.
807 2107 856 2168 Ita
870 2105 946 2192 quid
971 2104 1003 2169 ui
1048 2104 1159 2170 formae
1175 2131 1256 2198 qua.

228 2191 310 2256 drati
325 2178 511 2272 detra-xiiis,
527 2191 731 2278 amplitudini
746 2211 877 2278 quoque
891 2129 1021 2276 perilrit.
1054 2191 1143 2278 Ergo
1159 2195 1257 2260 etiarn

227 2276 263 2341 id
282 2278 348 2342 fieri
373 2279 484 2364 potest,
505 2290 542 2342 ut
564 2277 682 2362 majore
705 2276 842 2341 circuitu
866 2276 971 2340 minor
992 2275 1055 2339 loci
1077 2279 1258 2364 amplitudo

228 2363 405 2428 claudatur.
451 2365 526 2427 Hoc
543 2363 576 2426 in
593 2362 708 2450 planis.
751 2363 838 2425 Nam
853 2361 886 2424 in
901 2361 1039 2433 collibus
1061 2363 1199 2430 vallibus
1218 2391 1258 2434 ue
1319 2432 1323 2440 ,

174 2447 217 2530 46
229 2448 327 2516 etiam
352 2447 502 2535 impeii'to
523 2461 610 2536 patet
633 2448 706 2538 plus
730 2446 785 2512 soli
808 2446 879 2528 esse,
895 2467 991 2536 quam
1013 2445 1099 2512 coeli.
1143 2451 1255 2520 Ourd?

262 2667 475 2717 xefficiatom.G.
552 2667 736 2716 smennrao.
750 2667 814 2716 rens.
884 2668 972 2729 ·qura
990 2669 1022 2717 o.
1072 2635 1268 2720 'taurana‘
1289 2659 1298 2670 ·“

230 2733 298 2780 rioms
314 2734 432 2810 puaedam:
449 2733 492 2798 sed
508 2733 593 2782 clausae
608 2751 695 2796 magnae
711 2733 851 2779 auctoritates
867 2742 903 2795 ap.
914 2735 992 2781 Burm.
1005 2742 1027 2779 et
1043 2735 1073 2796 αἱ
1088 2737 1179 2800 cotfiifio
1195 2737 1261 2784 nimie

226 2793 345 2910 l'lffivg·
410 2799 479 2844 ‘Sic
495 2799 525 2846 G.
542 2811 564 2846 er
579 2799 643 2847 Vols.
656 2813 678 2848 2.
696 2800 813 2860 quadram
829 2796 861 2845 al.
926 2797 1072 2860 ‘quindeni
1088 2801 1119 2848 G.
1185 2803 1260 2850 ‘cir-

229 2872 301 2910 cuitu
341 2893 349 2910 .

267 3058 314 3105 41.
334 3038 446 3110 [efficiat]
469 3041 573 3097 Coercui
594 3041 657 3096 hanc
678 3062 724 3096 vo·
772 3045 798 3096 in
814 3059 890 3096 manu
901 3042 1013 3114 paullum
1030 3045 1134 3100 obscura
1153 3049 1196 3102 vix
1212 3051 1263 3104 dis.

233 3128 297 3174 cem,
309 3129 385 3181 qnam
400 3129 449 3162 non
463 3122 553 3164 temere
570 3115 654 3166 omitti
666 3115 723 3167 Go·
772 3115 900 3175 cernendo,
912 3113 993 3168 distat.
1029 3117 1157 3170 Nimirum
1173 3119 1190 3172 sr
1208 3119 1262 3172 lon-

232 3181 284 3232 thae
313 3181 426 3236 arbitrer.
475 3181 603 3252 Supplevit
632 3183 723 3251 aliquis
771 3185 911 3253 gitudinem
926 3183 1008 3254 jugeri
1026 3204 1076 3248 240
1089 3205 1132 3256 per
1148 3189 1263 3243 latitudi-

161 3270 180 3288 ν
223 3249 353 3314 ινετὴυω,
382 3249 449 3320 quod
481 3251 554 3304 deesse
583 3253 723 3315 videbatur,
772 3270 890 3306 nem12o
911 3254 998 3316 ducas,
1015 3257 1126 3308 orientur
1145 3259 1263 3326 quadrati

233 3319 287 3382 ι’πὸ
300 3328 333 3381 τῦ
346 3325 418 3382 antid.
455 3333 512 3384 Non
532 3334 569 3386 ita
583 3350 675 3404 pauper
692 3333 724 3386 est
774 3323 846 3403 P‘fles
867 3327 971 3390 ²4⁸0⁰²
991 3324 1112 3404 elswiffls
1132 3330 1179 3380 ‘fit
1199 3347 1261 3391 7²0·

235 3401 430 3471 Qiffifilianm,
442 3414 471 3454 ut
482 3419 560 3456 unum
571 3405 675 3456 verbum
688 3414 724 3454 te·
773 3393 864 3444 Divide
876 3393 978 3444 eundem
992 3394 1126 3448 circuitum
1144 3399 1170 3449 in
1188 3397 1264 3452 latera

234 3486 300 3524 mele
318 3472 358 3524 bis
377 3484 470 3542 ponam
490 3487 635 3542 quanquam
649 3473 723 3536 jum.
773 3471 883 3530 quatuor
894 3463 1041 3530 aequalia,et
1051 3463 1115 3534 finge
1128 3483 1208 3518 aream
1220 3467 1264 3521 elie

234 3548 292 3591 tura
304 3540 404 3594 diversa
422 3559 453 3594 ne
471 3541 536 3594 idem
552 3542 666 3594 videatur
687 3540 724 3594 ef.
773 3531 872 3601 angulis
884 3533 999 3584 omnibus
1016 3531 1090 3586 retiis
1106 3536 1263 3604 quadratam,

232 3605 297 3662 ficit,
773 3617 822 3652 non
834 3601 975 3663 rhombum,
987 3601 1092 3670 angulos
1110 3604 1150 3656 hic
1166 3619 1263 3670 acutos,

251 3695 314 3744 ¹42,
332 3679 426 3748 Jugm'
449 3681 599 3752 menfflram]
630 3681 726 3733 Eadem
774 3671 874 3722 obrutos
887 3671 955 3722 illiue
967 3671 1119 3724 habentemr
1139 3679 1184 3726 erit
1197 3676 1264 3728 latus

232 3747 341 3804 inditur
352 3768 368 3802 ἃ
379 3751 490 3804 Varrone
504 3752 540 3803 R⁸
553 3751 587 3803 R·
605 3769 629 3816 ι,
644 3769 686 3813 ιο,
700 3769 725 3814 χ,
778 3744 837 3802 180,
849 3740 916 3808 qu⁰d
934 3741 959 3792 ln
972 3741 994 3792 se
1009 3740 1112 3794 dublum
1129 3744 1198 3796 (labli
1211 3763 1264 3798 ΕΓΕ-

233 3819 284 3872 &u
775 3826 816 3860 am
837 3809 905 3862 illiue
923 3811 1039 3878 quadrati
1060 3829 1155 3875 32400,
1176 3817 1264 3867 triente

268 3907 315 3954 43,
333 3888 419 3960 slausae
436 3898 542 3960 quatuor
558 3886 629 3940 lineis
644 3889 723 3955 am]
773 3876 825 3940 fere
844 3880 961 3960 majprem
976 3881 1073 3961 jugero.
1111 3883 1174 3935 Haec
1192 3882 1265 3938 facite

234 3959 326 4020 Nemo,
339 3959 422 4020 credo,
439 3960 484 4028 qui
502 3958 616 4010 linearem
634 3958 726 4011 doetri-
773 3947 807 4010 tst
819 3949 850 4000 ad
860 3949 955 4018 sellim
966 3951 1041 4002 Μὴ
1052 3951 1191 4004 tsinSf‘ff‘·

235 4043 293 4081 nam
304 4027 343 4080 vel
355 4045 370 4079 a
381 4029 466 4082 limine
482 4027 602 4088 salutarit,
614 4045 679 4097 aegre
690 4026 727 4080 fe·
810 4046 856 4096 45.
872 4031 928 4101 plus
932 4031 980 4100 soli
990 4048 1064 4102 quam
1077 4031 1153 4100 'caeli]
1174 4036 1266 4106 Itaque

236 4106 284 4158 ret,
296 4096 360 4150 hane
376 4115 391 4150 a
407 4099 480 4150 nobis
498 4097 625 4152 letlionem
644 4115 727 4168 recep·
774 4115 834 4169 ager
849 4101 874 4151 in
891 4101 980 4154 declivi
992 4101 1053 4153 colle
1064 4102 1156 4171 positus
1174 4109 1267 4160 nonest

237 4175 299 4226 tam,
322 4184 378 4235 quae
407 4168 440 4218 ab
469 4166 555 4228 altera,
578 4166 677 4237 divise,
701 4169 728 4220 iu
776 4169 932 4222 aestimandus
943 4189 973 4222 ex
993 4170 1034 4222 illa
1046 4173 1134 4224 declivi
1146 4189 1212 4236 area,
1226 4177 1267 4229 sed

237 4233 313 4288 MSS.
327 4237 396 4308 apice
413 4247 512 4290 tantum
528 4254 580 4290 uno
591 4236 728 4308 alteroque,
776 4253 807 4294 ex
818 4255 856 4304 ea,
869 4257 928 4311 quae
943 4259 958 4294 a
974 4241 1101 4304 radicibus
1120 4243 1269 4309 rideretis,
