2870 4916
373 399 545 461 iussin
565 368 767 460 aaaron.
788 399 870 462 iia.
891 402 916 462 1.
937 412 967 480 5.
1150 347 1190 482 ss

155 561 285 652 syllabis
300 561 430 628 licebat.
476 565 630 630 Praeterea
643 587 716 650 quae
731 563 813 630 fiunt
825 563 937 652 spatio,
952 563 1013 630 five
1034 585 1110 630 cum
1123 563 1189 652 syl·

155 647 227 714 laba
243 663 389 737 correpta
404 650 600 735 producitur,
616 663 665 730 ut,

330 767 533 856 Italinmfoto
544 767 712 856 prifiign53

154 901 210 966 seu
227 902 326 988 longa
346 902 524 988 corripitur,
539 914 587 980 ut,
607 902 700 966 Unius
722 903 757 966 oh
779 926 885 966 noxam
908 915 936 967 et
949 901 1077 1000 suriam
1101 916 1192 970 extra

156 1009 287 1050 carmen
312 1009 377 1049 non
402 987 638 1072 deprehendas:
657 987 711 1052 sed
733 987 840 1052 necin
861 1008 1002 1054 carmine
1024 987 1103 1052 vitia
1127 989 1190 1058 due

101 1091 143 1158 19
157 1073 262 1136 cenda
277 1072 359 1136 sunt.
404 1073 466 1136 Illa
479 1094 553 1135 vero
568 1095 631 1136 non
649 1073 702 1135 nisi
718 1095 793 1136 aure
815 1074 999 1160 exiguntur,
1015 1095 1086 1158 quae
1108 1073 1190 1138 fiunt

156 1181 214 1244 per
239 1157 354 1220 sonos:
385 1180 583 1243 quamquain
609 1179 663 1243 per
685 1157 940 1244 adspirationem,
963 1158 1023 1222 sive
1043 1159 1192 1246 adjicitur

156 1242 281 1318 vitiose,
310 1241 370 1305 sive
398 1243 598 1320 detrahitur3
637 1243 720 1326 apud
747 1265 804 1307 nos
830 1245 928 1329 potest
953 1243 1064 1330 quaeri,
1091 1267 1130 1308 an
1156 1245 1191 1308 in

156 1328 274 1413 scripto
290 1327 326 1392 fit
342 1327 468 1404 vitium,
485 1328 504 1390 fi
523 1330 555 1392 H
570 1327 683 1392 literas
705 1351 769 1392 non
786 1330 828 1392 est
842 1331 974 1392 notata?
1002 1327 1094 1413 cujus
1138 1327 1190 1392 ui-

102 1427 145 1478 20
157 1413 233 1476 deni
250 1413 332 1476 ratio
346 1425 469 1476 mutata
483 1433 557 1476 cuin
575 1414 774 1498 temporibus
790 1417 832 1478 est
847 1415 971 1500 sispiss.
1017 1414 1102 1478 Parci
1126 1435 1190 1478 ime

157 1519 199 1562 ea
213 1511 335 1562 veteres
348 1499 391 1562 usi
407 1499 504 1562 etiam
522 1498 554 1561 in
570 1499 746 1577 vocalibus,
762 1521 835 1564 euni
856 1501 944 1575 oedos,
962 1499 1040 1585 imos
1050 1524 1086 1562 ue
1101 1497 1187 1564 dice.

158 1583 250 1650 bant.
288 1583 356 1648 Diu
371 1583 486 1648 deinde
500 1583 685 1660 servatumr,
702 1605 742 1647 ne
757 1584 1001 1648 consonantibus
1016 1523 1189 1668 adspirare·

158 1679 214 1732 tur
224 1681 246 1748 ⁸,
262 1669 345 1732 utin
365 1669 497 1748 Graccis,
513 1681 546 1733 et
561 1669 706 1755 triumphs.
751 1669 865 1756 Erupit
878 1669 967 1733 brevi
981 1679 1124 1756 tempore
1139 1669 1190 1732 ni·
1214 1665 1242 1738 lc

159 1754 246 1818 mius
259 1753 344 1832 usus,
360 1768 397 1817 ut
410 1755 553 1833 choronae,
570 1755 779 1833 chanmriunes,
798 1756 969 1842 praechones
990 1754 1095 1817 adhuc
1115 1755 1209 1887 qui-p

159 1837 294 1902 busdam
309 1838 564 1926 inscriptionibus
586 1855 756 1903 maneant:
780 1861 844 1925 qua
866 1839 961 1904 dere
987 1839 1108 1903 Catulli
1133 1861 1192 1904 no-
1250 1873 1253 1878 ¹

105 1939 145 1988 αι
159 1923 228 1988 bile
240 1923 437 2010 epigramma
449 1925 504 1990 est.
548 1925 630 1988 lnde
645 1925 737 1988 durat
750 1925 792 1988 ad
806 1946 864 1988 nos
884 1924 982 2010 usque
996 1923 1190 2002 vehementer,
1206 1932 1210 1961 ¹

160 2022 196 2072 et
210 2010 456 2096 comprehendere,
472 2021 505 2073 et
519 2010 606 2072 mihi:
631 2032 703 2072 nam
718 2012 816 2073 nebat
832 2030 962 2096 quoque
977 2029 1034 2092 pro
1048 2033 1092 2072 ma
1105 2010 1192 2094 apud

161 2095 325 2181 antiquos,
346 2095 573 2181 tragaediarum
598 2095 755 2181 praecipue
776 2095 952 2180 scriptores,
974 2093 1005 2158 in
1031 2095 1210 2165 veteribus¹

106 2193 149 2244 22
161 2178 252 2244 libris
267 2179 459 2244 invenimus.
502 2179 621 2244 Adbuc
637 2181 793 2244 difficilior
807 2179 981 2244 observatio
1001 2178 1042 2242 est
1063 2201 1119 2265 per
1145 2191 1190 2242 te·
1210 2216 1214 2255 ς

162 2288 258 2341 nores,
276 2268 371 2350 (quos
386 2265 518 2363 quidem
533 2266 573 2329 ab
588 2265 726 2350 antiquis
745 2265 846 2329 distas
862 2278 971 2328 tonores
986 2264 1137 2351 comperi,
1153 2264 1192 2328 u't
1212 2264 1217 2381 ’1

163 2348 314 2422 videlicet
326 2349 485 2416 declinato
498 2371 520 2414 a
541 2350 664 2416 Graecis
687 2352 794 2430 verbo,
809 2350 866 2437 qui
886 2351 966 2421 ro'iaa
989 2349 1113 2429 dicunt)
1139 2347 1192 2416 vel

195 2585 208 2623 s
225 2576 264 2624 sa
275 2577 305 2624 G.
322 2585 406 2624 notata
417 2576 483 2624 eiiam
494 2576 558 2625 vos.
569 2577 614 2624 sec.
624 2578 692 2626 litera
703 2581 746 2637 est,
758 2592 807 2625 non
820 2587 877 2626 nota
888 2594 966 2634 omnes,
979 2586 1052 2638 piria.-
1068 2585 1124 2624 certe
1135 2571 1195 2622 nihil

162 2652 233 2689 nones
242 2641 269 2688 de
279 2642 407 2704 diverfirate
418 2644 497 2690 Burin.
545 2651 556 2678 ¹
573 2643 713 2690 reservatum
732 2660 780 2690 cum
791 2641 843 2688 aliis
854 2643 921 2690 etiam
932 2642 963 2690 G.
975 2652 996 2688 et
1007 2642 1070 2690 sens.
1124 2653 1133 2682 θ
1150 2641 1192 2690 ad·

163 2705 259 2768 spiraret
269 2706 300 2754 G.
311 2723 352 2753 non
362 2705 436 2753 male:
448 2705 583 2769 intelligitur
593 2707 626 2756 H.
674 2712 684 2748 t
700 2722 754 2759 mec
766 2709 796 2756 G.
808 2707 871 2756 sens.

164 2897 295 2954 rendafit?
313 2899 472 2970 Apertissinie
492 2900 547 2952 sane
570 2900 655 2970 agitur
702 2909 765 2952 erat.
797 2899 842 2951 Sed
872 2899 933 2952 uaeri
946 2897 1191 2968 sanepotesi,utrum

158 2967 196 3019 de
208 2968 301 3022 talibus
314 2969 394 3030 vitiis,
405 2987 462 3038 quae
475 2967 594 3039 scriptura
606 2987 654 3021 nou
701 2967 728 3022 in
739 2966 831 3039 scripto
845 2917 879 3036 st
890 2967 1007 3021 vitium?
1018 2968 1043 3035 ſs
1059 2967 1192 3036 adspiratio

163 3037 388 3108 deprehenduntur,
401 3039 440 3090 sed
455 3039 504 3092 sola
521 3039 653 3109 pronunti·
703 3037 770 3108 tigno
781 3037 833 3098 suo,
846 3036 874 3088 H
887 3037 962 3089 litera
977 3055 1024 3114 pon
1044 3037 1075 3108 est
1094 3045 1191 3098 notata,

165 3107 257 3158 orione.
286 3109 344 3175 Jani
362 3118 399 3159 ter
418 3110 514 3178 peccari
535 3108 610 3179 potest
629 3109 655 3160 iu
703 3125 731 3159 ac
755 3117 853 3158 tantum
877 3108 902 3158 in
926 3109 1077 3176 proterendis
1100 3107 1192 3166 verbim

167 3175 343 3245 humanm
354 3179 563 3246 pronunciatione,
573 3177 654 3246 fiquis
703 3176 779 3229 sicubi
790 3193 853 3245 opus
869 3176 977 3236 videtur,
990 3177 1116 3241 adjicitur.
1146 3173 1193 3226 Ille

167 3245 262 3298 vocales
276 3247 415 3314 separatim,
427 3265 476 3298 nou
486 3247 654 3316 diphthongos
704 3247 768 3316 apud
782 3243 911 3298 Catullum
924 3246 1027 3305 Arrius,
1042 3245 1072 3296 de
1084 3263 1134 3313 quo
1145 3244 1192 3296 sta-

165 3313 260 3368 efferat.
291 3315 415 3370 Phaethon
430 3318 478 3384 (ita
490 3317 654 3377 scribendum,
703 3317 760 3377 tim,
784 3313 927 3365 Chommoda
950 3326 974 3365 et
996 3313 1119 3381 fflnstdias
1143 3330 1193 3364 uon

168 3399 216 3434 non
228 3384 351 3450 Phaeton)
369 3387 443 3436 etiam
462 3384 618 3455 dissyllabum
630 3387 655 3437 in
703 3383 805 3454 scripsit,
825 3383 862 3434 sed
875 3383 957 3435 dixit:
979 3396 1003 3435 et
1020 3385 1106 3435 audias
1118 3383 1193 3434 anhe-

170 3453 245 3509 MSS.
260 3455 348 3506 Ovidii
360 3454 443 3524 passim
454 3453 497 3506 esse
515 3473 544 3508 ex
557 3454 656 3506 Heinsio
704 3455 793 3506 latores
806 3452 831 3504 id
843 3470 920 3522 genus
929 3453 1001 3508 bodie
1011 3471 1120 3522 quoque.
1134 3453 1193 3504 Non

165 3523 199 3574 ad
210 3523 317 3576 Metam.
334 3543 358 3586 i,
373 3543 432 3590 571·
451 3533 521 3576 notat
533 3525 656 3578 Bunnau·
681 3539 685 3544 ’
703 3522 843 3594 peccanrin
864 3521 1022 3574 Germanicis
1040 3523 1143 3573 vocibus
1155 3521 1193 3572 vel

165 3608 225 3644 niis.
652 3645 654 3652 ,
704 3610 762 3646 curu
775 3590 811 3645 vel
828 3589 875 3643 fine
886 3591 1048 3660 adspiratione
1059 3591 1193 3642 scribendis

205 3665 245 3712 18·
264 3659 379 3726 Italiam]
398 3665 462 3716 AEn.
479 3682 503 3724 i,
517 3665 532 3714 6
545 3674 569 3714 et
580 3679 625 3726 40.
705 3661 787 3722 Galli,
799 3660 837 3712 sed
849 3662 875 3712 in
893 3660 1092 3730 pronuntiandis.
1116 3661 1194 3711 Resie

168 3749 251 3854 nii}
268 3729 485 3868 sistis'isi'
501 3731 657 3853 iii-issisti
705 3729 1193 3854 pperppgiifflianiana

167 3869 262 3921 tamdiu
272 3865 363 3940 poserit
370 3819 425 3922 ἓὲἓὶ
433 3873 508 3932 enirn,
518 3871 585 3939 quod
595 3889 657 3940 prae-
742 3889 785 3926 ιο.
810 3819 913 3934 Caruili]

168 3936 252 3990 serunt
265 3939 375 3998 libri‚H
387 3938 655 4019 liteoacstmonnotaj
742 3937 885 3992 Chommoda
913 3936 1018 3998 dicebat,
1046 3935 1074 4006 ſs
1099 3937 1195 4007 quando

168 4006 658 4132 222¹}”‘sttsttsf'¹ssttsstst
741 4006 1013 4148 amassia,
1032 4075 1122 4130 aaa
1139 4073 1194 4149 m.

168 4145 236 4200 haud
254 4147 331 4200 dubie
349 4097 382 4202 ed
401 4165 488 4217 ponere
505 4146 601 4200 literani
613 4149 658 4199 ubi
775 4145 893 4204 diffisso.

167 4232 217 4274 non
239 4217 325 4280 debet,
345 4218 458 4272 omittere
480 4217 526 4270 ubi
549 4215 659 4288 ponendo

721 4319 782 4374 122
