2938 4910
392 363 559 424 INSTIT.
580 363 783 424 ORATOR.
804 363 887 422 LlB.
905 363 960 422 VI.
983 382 1011 437 3.
1149 362 1210 440 365

183 525 246 590 bus
270 524 427 606 excidant,
443 524 543 611 stulta
565 525 659 602 sunt;
683 525 703 588 si
729 524 920 600 simulam,
935 523 1057 610 venusta
1072 524 1207 590 eredun-

125 619 175 683 ‚24
187 621 250 674 tur.
294 611 440 676 Tertium
455 611 497 674 est
511 631 626 708 genus,
640 623 677 673 ut
692 609 776 674 idem
799 610 889 688 dicit,
904 610 936 672 in
959 610 1135 696 decipiendis
1155 631 1208 674 ex·

176 697 420 783 speciatimibus,
449 694 543 758 diens
571 695 662 758 aliter
677 693 893 793 ,aecipiendiu
924 694 1109 782 ceterisque,
1137 717 1210 782 quae

188 793 332 846 neutram
354 781 516 866 personam
538 779 744 866 contingunt,
759 780 896 865 ideoque
919 801 1014 845 arne
1038 781 1135 843 media
1156 780 1208 844 di-

132 875 174 940 25
189 877 315 930 cuntur.
360 867 441 929 Item
458 865 586 929 ridiurlu
608 879 664 928 aut
684 863 832 942 dicimus,
849 877 904 928 aut
925 864 1069 940 faciurum
1114 865 1211 930 Fauo
1309 883 1312 892 ’

187 949 265 1015 risus
284 949 484 1028 concilietur,
507 948 632 1014 interim
658 947 798 1012 admixta
818 949 996 1035 gravitater
1020 963 1057 1012 ut
1079 950 1210 1024 Marcus

188 1034 335 1100 Coeliusy
395 1047 485 1113 aetor,
501 1055 576 1098 cum
598 1033 704 1098 sellam
718 1032 795 1132 ejus
814 1032 958 1098 curulem
972 1033 1083 1099 consul
1098 1034 1210 1098 Isauri·

187 1141 245 1183 eus
259 1119 340 1207 fregi
363 1133 408 1196 et,
424 1118 552 1184 alterum
568 1117 671 1205 posuit
684 1117 760 1182 lone
774 1117 948 1196 intentum
971 1118 1135 1183 dicebatur
1152 1141 1210 1183 au-

187 1216 255 1268 tem
279 1205 355 1272 Coe.
381 1227 399 1268 a
420 1217 508 1290 patre
524 1203 705 1290 ¹uliquandu'
724 1204 822 1267 eaesus
843 1203 882 1266 lla
922 1203 971 1266 is:
1001 1203 1128 1268 interim
1149 1205 1213 1269 sine

83 1308 85 1312 ·
139 1287 143 1302 ⁸
188 1288 329 1374 respedtu
343 1288 482 1374 pudoris,
498 1301 535 1352 ut
548 1289 581 1352 in
604 1287 659 1352 ille
675 1289 806 1375 pyxide²
833 1288 884 1352 0oe
897 1289 981 1366 iana,
996 1287 1084 1375 quod
1107 1309 1146 1352 ne
1171 1310 1214 1356 ue

135 1365 177 1434 26
189 1375 320 1452 oratori,
335 1395 439 1460 neque
453 1373 511 1437 ulli
525 1371 613 1460 gravi
629 1373 696 1436 viro
712 1373 889 1438 conveniat.
928 1372 1016 1436 ldem
1031 1385 1139 1437 autem
1147 1311 1214 1438 de·

189 1458 282 1522 vultu
296 1461 449 1545 gestuque
462 1457 597 1522 ridiculo
608 1457 728 1522 dietum
743 1459 780 1520 fit
793 1483 801 1520 ι
825 1458 859 1520 iu
877 1456 995 1542 quibus
1015 1458 1058 1520 est
1079 1457 1213 1544 quidem

138 1548 140 1551 ’
190 1542 336 1606 summab
357 1543 471 1642 gratia,
485 1543 542 1608 sed.
560 1540 695 1624 maior‘,
717 1563 792 1606 cum
814 1555 940 1628 captare
960 1542 1056 1606 risum
1079 1564 1143 1606 nnn
1165 1543 1213 1606 vi-

191 1626 328 1692 dentur:
346 1627 425 1692 mhil
440 1627 527 1692 enim
541 1649 581 1690 ex
595 1615 634 1690 iis
641 1627 666 1706 d,
680 1650 753 1714 quae
768 1627 916 1690 dicuntur
927 1623 1028 1713 ‘salsa
1037 1629 1060 1704 f,
1074 1625 1215 1692 dieiturr

191 1710 325 1776 sallust.
369 1713 574 1798 Quamquam
590 1723 698 1776 autem
713 1711 824 1798 gratiae
838 1708 1010 1797 plurimum
1024 1711 1118 1778 diuis
1132 1712 1216 1777 leve·

191 1795 268 1860 ritus
293 1797 391 1876 effert,
417 1797 538 1883 fitque¹
565 1795 736 1862 ridiculum
761 1796 794 1860 id
816 1795 931 1882 ipsum,
944 1796 1030 1880 quia,
1045 1796 1101 1882 qui
1122 1795 1214 1878 dicit,

193 1902 258 1945 non
273 1881 374 1946 ridet:
398 1883 439 1946 eil
454 1895 559 1946 temen
575 1881 703 1945 interim
717 1894 751 1946 et
767 1881 895 1968 asperius
915 1893 949 1943 et
970 1881 1089 1945 habitus
1110 1882 1168 1946 oris
1181 1895 1216 1948 et

136 1973 179 2043 27
191 1963 288 2052 gestus
302 1989 365 2030 non
381 1966 553 2030 inurbanus
559 1968 585 2044 ¹²,
598 1987 672 2030 cum
689 1966 727 2030 iis
741 1964 855 2030 modus
869 1965 1039 2052 contingit.
1086 1966 1124 2030 Id
1138 1985 1214 2052 por-

193 2073 241 2130 r0,
257 2051 345 2137 quod
358 2052 486 2131 dieitur,
500 2064 556 2116 aut
569 2051 612 2114 est
632 2050 775 2136 lascivum
795 2062 830 2114 et
851 2049 959 2129 hilare,
974 2049 1081 2136 qualia
1103 2051 1216 2118 Gnlbae

193 2135 364 2223 pleraque:
387 2151 443 2201 eut
467 2136 707 2284 contumel‘qnsum,
722 2136 829 2222 qualia
852 2157 953 2220 nuper
976 2135 1086 2199 Junii¹
1112 2136 1214 2202 Belli:

193 2233 250 2284 aut
268 2223 414 2308 asperum,
430 2221 537 2308 qualia
558 2221 604 2286 Ce
625 2221 648 2284 ri
670 2220 798 2286 Severi:
821 2233 877 2286 aut
898 2220 1003 2298 lenem,
1018 2219 1125 2307 qualia
1144 2222 1217 2286 Do·

193 2305 281 2370 mitii
294 2306 377 2371 Afri.
422 2305 541 2386 Refert,
556 2306 606 2370 his
620 2305 677 2370 ubi
691 2306 762 2391 quis
779 2319 897 2370 utatur.
924 2307 1027 2370 ·Num
1050 2306 1084 2370 in
1106 2306 1217 2371 conri-

179 2389 280 2453 ,viiiv¹
305 2401 338 2454 et
359 2389 545 2476 quotidiano
569 2391 711 2455 sermone
730 2391 855 2475 ‘Iciliiua
884 2389 1073 2466 humilibus,
1104 2391 1218 2456 Maria

142 2466 183 2538 28
196 2473 345 2538 omnibus
359 2475 563 2538 conveniunt.
608 2475 738 2542 Laedere
751 2487 765 2513 ⁰
787 2495 961 2560 numquam
982 2475 1129 2553 velimus,
1144 2476 1217 2540 lon·

195 2559 302 2644 'geque
316 2560 393 2624 absit
430 2560 598 2645 ropofitum
614 2559 707 2638 illud,
724 2559 826 2624 Potius
847 2559 984 2636 amicum,
1020 2583 1089 2622 uam
1109 2561 1221 2626 ditium

194 2644 313 2730 perdidi
326 2649 358 2708 ἓ.
403 2581 441 2706 in
457 2643 518 2708 hac
531 2644 661 2730 quidem
674 2665 783 2731 pugna
798 2642 933 2708 forent»
950 2667 982 2710 m
1014 2643 1059 2709 im
1073 2643 1218 2740 mihile.

228 2807 240 2838 t
259 2795 370 2846 Caecilius
381 2797 412 2844 G.
423 2796 486 2845 Jens.
506 2797 551 2844 Sed
560 2797 671 2846 Coelium
683 2803 739 2844 nile
750 2807 823 2846 tuetur
833 2797 912 2846 Burm.
983 2805 996 2832 ²
1012 2797 1108 2860 pypsrde
1119 2799 1150 2846 G.
1162 2813 1221 2862 apo·

197 2861 327 2908 dixelens.
390 2861 509 2908 ufiJens.
558 2859 629 2910 bom.
641 2861 671 2909 G.
730 2861 875 2920 cmajorem
888 2861 994 2921 cepr·
1050 2863 1220 2913 ⁶G.2.nlhll

196 2925 518 2986 enimesthisquaedicunt
533 2926 590 2973 falla
604 2927 717 2973 dicuntur
728 2925 855 2976 insulsius:
878 2926 933 2972 unde
947 2925 1002 2971 bano
1021 2924 1130 2974 laelium
1148 2945 1220 2987 nuni,
1264 2919 1270 2930 ”

198 2989 261 3038 nihil
278 2991 344 3037 enirn
359 2991 393 3038 est
410 2990 457 3047 hie,
468 3005 523 3052 quae
541 2991 601 3038 fient
621 2990 677 3038 salsa
692 2992 815 3048 dicuutur,
835 2989 951 3038 insulsius.
1059 2999 1069 3026 θ
1086 2992 1171 3040 dicunt
1188 2993 1221 3046 G.

198 3055 261 3102 lens.
327 3051 410 3101 ‘falsa
421 3055 452 3102 G.
516 3053 774 3102 ‘denumerem
838 3053 976 3100 l*insulsrus
988 3053 1017 3100 G.
1029 3045 1092 3102 Jenl.
1157 3055 1222 3106 ἰδία

199 3119 230 3165 G.
242 3117 304 3165 lens.
317 3128 338 3163 et
344 3117 406 3180 plur.
417 3128 454 3182 ap.
467 3119 524 3165 Bur.
536 3119 563 3166 sn
579 3117 611 3165 al.
676 3115 854 3167 kinurbanitas
865 3118 896 3164 G.
961 3119 1102 3166 ¹Lambaffi
1113 3121 1144 3170 G.
1155 3122 1223 3168 lani.

197 3183 329 3230 baffiJent.
395 3189 413 3212 ¹¹¹
432 3182 483 3230 leve
494 3183 526 3229 id.
589 3191 603 3218 ὓ
620 3181 769 3229 convitiibus
780 3179 812 3228 id.
876 3181 891 3209 ⁰
906 3181 1009 3248 Siccuy‘.
1022 3183 1100 3230 Burm.
1113 3183 1222 3250 nonnus,

198 3263 242 3293 nor.
263 3247 352 3294 Ludere
363 3245 424 3308 vulg.
491 3245 635 3307 *perdendi
645 3245 728 3297 emend.
740 3247 805 3296 Mur.
817 3243 845 3292 V.
860 3245 885 3292 l..
900 3259 938 3306 19,
950 3247 973 3295 6.
1024 3247 1180 3302 lforcnfium
1191 3251 1222 3304 G,
1324 3293 1327 3298 ,

196 3311 261 3359 lens.
277 3311 361 3358 forenfi
371 3313 445 3358 etiem
455 3312 509 3376 conj.
522 3313 579 3360 Bur.

236 3437 251 3471 2
256 3440 280 3488 ς.
298 3419 413 3474 admixta
426 3422 574 3490 gravitate]
594 3421 686 3474 Vultus
735 3420 845 3490 ignorari
852 3420 935 3483 bodie,
943 3439 1017 3491 aequo
1025 3421 1223 3486 animoferamue

200 3490 333 3559 prasertim
345 3490 375 3540 ad
388 3490 537 3543 severitatem
546 3491 684 3560 compontiz
736 3491 828 3560 potius,
841 3507 915 3560 quam
929 3493 1083 3554 commentis,
1095 3504 1124 3545 ut
1136 3495 1224 3548 Abra·
1291 3523 1294 3536 π

203 3557 256 3640 Qi
265 3558 368 3630 quidem,
379 3559 523 3612 Ciceronem
544 3561 632 3639 iterum
644 3577 688 3612 an-
737 3559 803 3610 mius
815 3559 845 3610 ad
855 3559 1002 3640 ‘Ciceronem
1014 3559 1084 3622 fecit,
1096 3559 1222 3622 ludamus.

200 3628 690 3767 libitis,tutti‘iuttl
738 3627 1226 3774 uiuit‘initltii‘lnt

196 3766 301 3835 salsiora
310 3765 398 3818 videri
406 3765 494 3835 solent.
550 3778 553 3801 ¹
739 3765 777 3818 sos
788 3765 831 3818 elie
842 3765 910 3827 sales,
918 3785 981 3836 quos
993 3769 1036 3822 suo
1047 3767 1096 3819 risu
1106 3769 1166 3838 ipse,
1179 3772 1225 3841 qui

240 3854 284 3902 25.
299 3835 388 3904 pyxide
400 3833 525 3898 Caeliana]
545 3833 576 3885 In
588 3852 638 3902 qua
649 3851 691 3886 ve·
739 3832 841 3906 profert,
858 3838 1021 3898 commendet,
1032 3837 1059 3892 h.
1072 3855 1094 3890 e.
1114 3855 1225 3892 corrum-
1316 3831 1318 3838 ¹

197 3921 293 3957 uenum
310 3915 423 3985 paratum
439 3904 567 3956 dicebatur
583 3903 689 3956 Clodiae.
740 3914 799 3972 pat:
820 3905 912 3972 quibus
924 3907 1006 3958 verbis
1017 3906 1064 3958 hoc
1076 3907 1164 3960 dixerit
1176 3911 1226 3962 Fa-

205 3974 245 4025 De
265 3991 291 4026 re
311 3975 361 4042 ipsa
380 3975 439 4026 Cic.
457 3991 480 4024 c.
500 3991 544 4039 25.
562 3972 598 4041 sq.
629 3973 692 4044 Qae
741 3973 868 4032 bius‚non
884 3991 954 4044 aeque
970 3974 1059 4044 liquet.
1089 3977 1225 4042 Fortuita,

205 4053 287 4094 autem
304 4041 331 4094 sn
351 4039 504 4110 obsceniffrma
516 4041 610 4107 sabula
629 4057 691 4092 rom·
741 4041 811 4092 Nihil
830 4041 893 4096 enim
915 4043 947 4112 est
973 4043 1014 4104 iis,
1037 4060 1093 4114 quae
1113 4045 1226 4098 dicuntur

203 4109 340 4163 menticiam
360 4129 414 4166 eam
430 4111 544 4183 pyxidem
559 4110 690 4180 crrrsecuta,
732 4109 814 4180 salsa,
831 4113 858 4162 h.
870 4130 892 4164 e.
911 4131 957 4184 pro
977 4111 1040 4168 saltis
1060 4113 1218 4172 venditantur

124 4187 127 4193 “
204 4178 689 4250 dequuTulliusc.29.ethicFabius,
738 4178 852 4255 irnuffiur.
1217 4152 1227 4186 '
