3022 4920
264 381 305 444 so
499 383 545 442 n.
567 381 689 442 rnen
715 367 1066 443 berner-nmini

260 557 297 611 et
319 543 496 632 pecoribus,
517 557 551 610 et
573 543 685 626 hostie,
705 554 740 610 et
763 541 937 610 alvearibus
962 535 1207 613 accommodent
1223 539 1289 631 'eu‘-
1363 553 1372 564 '

261 635 351 698 ram?
396 633 465 696 Cur
485 631 541 718 ipsr
562 623 683 782 alirpuid
706 630 880 696 sorenfibus
902 631 1053 719 negotiis,
1068 631 1188 720 aliquid
1209 633 1288 699 desr-

261 715 358 782 deriis
383 716 571 799 amicorum,
601 718 642 782 ai
667 716 723 782 uid
751 717 928 782 rationibus
955 717 1144 798 domesticis,
1167 718 1289 806 aliquid

259 825 345 868 curae
377 801 529 888 corporis,
554 739 701 867 nonnilail
733 802 952 888 voluptatibus
974 802 1119 889 quotidie
1145 805 1286 870 damus?

259 909 395 986 quarum
424 909 482 952 nos
510 911 575 953 una
602 903 651 952 re's
680 887 833 975 qnaelibet
858 887 940 952 nihil
967 885 1213 954 intermittentes
1240 890 1288 955 fa.

154 1008 246 1024 κ.
328 985 387 1036 ret.
431 973 525 1038 Adeo
550 985 729 1039 enotrius
756 974 799 1038 est
824 973 927 1037 multa
953 972 1068 1054 faeere,
1091 997 1187 1061 quam
1218 975 1287 1042 diu.

260 1057 346 1123 llud
371 1058 500 1146 quidem
527 1059 660 1123 minime
687 1058 858 1122 verendum
879 1059 934 1139 est,
959 1079 1000 1123 ne
1024 1059 1165 1124 laborem
1191 1058 1320 1126 studi-8

259 1165 354 1208 orum
382 1145 472 1231 pueri
502 1143 660 1210 difficilius
684 1135 840 1208 tole'rent:
879 1165 983 1230 neque
1008 1145 1094 1208 enim
1120 1145 1187 1210 ulla
1212 1159 1305 1212 aetas*

259 1229 368 1294 minus
395 1229 560 1318 fatigetur.
597 1230 720 1294 Mirum
748 1229 785 1293 fit
808 1228 955 1308 forfitan3
987 1229 1040 1294 sed
1064 1232 1289 1316 experimentis

258 1313 489 1401 deprehendas.
542 1318 629 1380 Nam
666 1327 700 1379 et
730 1313 884 1379 dociliora
913 1315 985 1378 sunt
1015 1315 1157 1403 ingenia,
1186 1319 1286 1403 priui—
1356 1315 1359 1322 ’

257 1421 356 1484 quam
377 1401 608 1466 obduruerunt.
653 1400 691 1464 Id
710 1401 762 1464 vel
786 1399 849 1465 hoc
871 1413 1062 1488 argumento
1081 1412 1182 1488 patet,
1199 1404 1319 1490 qu0d9
1508 1481 1509 1484 Ἴ

257 1483 342 1550 intra
368 1485 545 1566 biennium,
575 1509 672 1574 quam
701 1486 797 1550 verba
824 1487 911 1551 redte
935 1485 1071 1550 formare
1099 1500 1286 1574 potuerunt,
1388 1559 1391 1565 ,
1494 1501 1509 1572 ·j

257 1573 404 1656 quamvis
420 1571 508 1636 nullo
522 1572 666 1652 instante,
680 1571 789 1634 omnia
806 1571 870 1634 fere
883 1570 1078 1658 loquuntur:
1102 1581 1135 1636 at
1156 1575 1287 1640 novitiis

257 1657 380 1734 nostris,
395 1679 450 1743 per
471 1670 551 1744 quot
571 1679 670 1721 annos
686 1658 787 1720 sermo
803 1657 937 1721 Latinus
951 1661 1129 1744 repugnat?
1175 1659 1287 1751 Magis

256 1739 347 1822 scias,
364 1743 383 1806 fi
401 1765 497 1828 quem
508 1743 576 1830 jam
591 1744 753 1807 robustum
770 1742 930 1806 instituere
943 1741 1044 1806 literis
1059 1743 1204 1830 coeperis,
1221 1767 1286 1808 non

185 1825 321 1890 msrne
336 1829 427 1892 eausa
441 1828 504 1893 diei
518 1829 707 1911 ωαιδομαὲεῖς
722 1849 788 1905 eos,
804 1827 859 1913 qui
874 1827 907 1890 in
921 1826 974 1908 sua
987 1827 1129 1914 quidque
1144 1841 1211 1893 arte
1225 1852 1284 1916 op·
1343 1889 1344 1893 ,

257 1911 337 1976 time
347 1911 474 1978 faciant.
504 1915 546 1977 Et
560 1911 730 1998 patientior
743 1914 787 1976 est
800 1913 916 1978 laboris
930 1927 1042 1976 natura
1055 1913 1172 2000 pueris,
1188 1935 1284 1999 quam
1300 1935 1340 1981 10

250 1995 437 2097 juvenibus.
462 1998 622 2062 Videlicet
639 2017 688 2060 ur
703 2019 834 2084 corpora
849 1997 1017 2069 infantium
1031 2021 1089 2079 nec
1105 1998 1203 2076 casus,
1219 2021 1285 2084 quo

255 2106 289 2147 ru
305 2095 421 2148 terram
436 2085 533 2150 toties
548 2081 745 2163 deferuntur,
761 2098 829 2148 tam
843 2083 982 2171 graviter
997 2083 1132 2170 affligit3
1155 2105 1215 2147 nec
1230 2084 1286 2148 illa

254 2189 312 2254 per
326 2191 441 2234 manus
455 2181 488 2232 et
501 2191 606 2256 genna
624 2169 770 2254 reptatio,
787 2191 847 2232 nec
863 2170 929 2255 post
944 2167 1040 2230 breve
1055 2181 1121 2232 tem
1145 2191 1183 2232 us
1205 2191 1284 2233 con-

242 2252 338 2318 ‘tinui
352 2253 450 2335 lusus,
466 2268 500 2318 et
513 2255 613 2320 totius
624 2252 687 2318 diei
702 2253 868 2334 discursus,
883 2253 959 2340 quia
973 2252 1097 2339 pondus
1113 2190 1175 2318 illis
1188 2255 1284 2336 abest,

255 2361 316 2403 nec
331 2339 361 2404 se
375 2339 429 2428 ipsr
446 2351 597 2426 gravant:
622 2339 663 2403 fic
677 2339 776 2422 enimi
790 2359 919 2426 quoque
940 2338 1046 2416 crede,
1063 2336 1140 2426 quia
1159 2339 1284 2406 minore

179 2437 373 2510 *conatu
392 2439 571 2505 moventur,
587 2445 646 2488 nee
659 2423 717 2490 suo
739 2425 827 2489 nisub
849 2423 957 2488 studiis
981 2423 1131 2503 infistunt,
1147 2425 1200 2492 sed
1217 2425 1283 2490 for·

252 2511 388 2574 mundos
403 2511 434 2576 se
449 2509 671 2588 tantummodo
685 2511 844 2599 praestant,
859 2531 923 2572 non
941 2507 1081 2574 fimiliter
1096 2509 1282 2598 fatigantur.

254 2595 411 2664 Praeterea
431 2597 604 2660 secundum
626 2595 719 2660 aliam
742 2594 844 2660 aetatis
866 2593 952 2658 illius
971 2593 1171 2676 facilitatem,
1191 2597 1283 2662 velut
1297 2617 1335 2662 11

247 2681 426 2768 ⁴fimplicius
441 2681 591 2746 docentes
609 2680 794 2766 sequuntur,
809 2701 869 2744 nec
884 2702 956 2767 quae
969 2678 1037 2764 jam
1059 2683 1196 2770 egerint,
1211 2705 1281 2746 me-

171 2796 238 2820 ---
253 2765 389 2830 tiuntur.
421 2768 520 2832 Abest
534 2767 598 2830 illis
612 2767 708 2831 etiam
723 2767 828 2831 adhuc
842 2765 1141 2864 laborisjudioium.
1174 2771 1283 2846 Porro,

253 2863 291 2915 ut
305 2850 486 2939 frequenter
503 2852 622 2940 experti
636 2851 756 2933 sumus,
765 2851 878 2916 *minus
893 2852 990 2916 aflicit
1003 2851 1107 2918 sensus
1125 2851 1282 2940 fatigatis,

252 2958 351 3023 quam
367 2937 531 3024 cogitatio.
577 2934 640 3002 Sed
661 2961 702 3002 ne
717 2937 870 3024 temporis
884 2936 1017 3023 quidem
1039 2955 1194 3023 umquam
1211 2939 1283 3024 plus
1296 2956 1336 3008 12

253 3021 334 3086 erit:
358 3023 505 3108 quiahis
528 3022 675 3088 aetatibus
695 3023 805 3114 pmnis
819 3023 853 3086 in
869 3020 1028 3086 audiendo
1050 3022 1210 3108 proledtus
1225 3023 1291 3092 est..

253 3107 340 3191 Cum
353 3108 397 3174 ad·
418 3107 520 3174 stilum
536 3107 671 3188 secedet,
688 3131 762 3174 curn
785 3106 953 3194 generabit
966 3105 1029 3191 ipse
1043 3106 1165 3192 aliquid
1186 3119 1281 3192 atque

251 3213 325 3256 com
350 3207 438 3272 onet,
453 3207 524 3258 tum
546 3192 695 3260 inchoare
710 3193 781 3258 haec
802 3191 901 3256 studia
920 3189 972 3254 vel
994 3213 1057 3254 non
1077 3191 1214 3272 vacabit,
1230 3192 1281 3256 vel

252 3215 458 3344 nonlibebit.
502 3281 590 3364 Ergo
611 3301 687 3345 cum
708 3275 935 3365 grammaticus
953 3287 1058 3341 totum
1082 3275 1167 3340 diem
1183 3299 1280 3342 oceu-
1295 3297 1332 3365 13

250 3381 326 3448 pare
347 3385 411 3427 non
433 3363 535 3450 pellit,
557 3385 616 3428 nec
636 3365 764 3443 debeat,
786 3385 827 3428 ne
848 3358 997 3426 discentis
1018 3361 1163 3426 animum
1183 3361 1289 3441 taedio

250 3461 390 3515 avertat:
414 3449 531 3540 quibus
546 3450 651 3536 potius
666 3445 775 3514 studiis
790 3449 860 3512 haec
875 3450 1058 3533 temporum
1067 3447 1161 3515 'velut
1174 3449 1280 3515 subse·¹

698 3633 709 3666 '³
728 3635 789 3688 nixu
801 3619 842 3684 G.'

286 3826 312 3874 9.
331 3795 514 3876 mesimbria]
537 3805 605 3860 Illud
624 3807 736 3876 quotidie
784 3809 913 3868 utcunque
924 3798 1079 3850 Gronovius.
1093 3797 1139 3848 Sed
1151 3797 1188 3850 ita
1195 3807 1225 3848 ut
1236 3815 1279 3852 eo-

250 3875 406 3930 observamus
426 3881 451 3930 iu
472 3877 563 3948 pueris,
585 3876 630 3945 qui
652 3889 740 3946 preter
787 3880 863 3938 gatur
880 3869 919 3920 Vir
935 3867 1113 3928 disesfflsmuss
1127 3879 1153 3918 et
1170 3869 1215 3936 qui
1232 3870 1279 3920 05-

249 3947 358 4016 patrium
372 3943 514 4010 sermonem,
526 3949 681 4016 peregrinum
692 3948 739 3998 eti·
788 3937 921 3992 scuriffima
949 3955 1056 4007 quaeque
1078 3936 1183 3988 dicendo
1206 3936 1280 3992 facile

249 4033 327 4077 am,=a
339 4019 419 4090 primp
436 4018 492 4086 inde
509 4017 624 4086 pueritia,
636 4034 651 4066 a
665 4016 739 4070 fami.
787 4007 931 4078 explicaret,
943 4007 1086 4076 stlbjungere
1097 4027 1103 4058 t
1115 4007 1280 4085 Qud-quam

249 4080 305 4136 liari
317 4084 408 4140 femina
419 4085 457 4140 vel
468 4089 522 4139 viro
533 4087 639 4138 discunt.
686 4143 689 4152 ,
780 4081 868 4156 fimare
884 4087 958 4148 atque
967 4075 1145 4156 'elegansmrti
1155 4077 1192 4127 ad
1206 4094 1297 4156 aures.

288 4174 330 4220 13.
351 4167 482 4226 temporum
503 4155 575 4209 velut
591 4154 737 4227 firbseciva]
788 4149 895 4210 acczdat,
921 4157 998 4200 entare
1014 4147 1278 4216 maginquameecpls-

249 4219 367 4296 Eiplicat
380 4227 422 4296 illa
435 4223 545 4301 ι[τιὶψιᾴὶα
562 4245 574 4280 e
589 4245 613 4279 re
625 4225 737 4288 militari,
788 4235 846 4272 care
852 4226 871 4286 p
899 4233 951 4272 um.
975 4216 1110 4288 Subscciva
1122 4227 1205 4280 sulem
1216 4226 1277 4274 lem·
1292 4233 1294 4239 ’
