2938 4910
356 348 359 352 ’
399 385 568 448 rnsrm.
588 385 791 450 oneror.
812 385 894 450 nra.
915 389 984 450 vn.
1008 409 1035 448 ι.
1170 404 1230 472 405

197 545 363 636 ingratum,
387 552 439 640 qui
464 551 600 618 dividere
622 553 699 618 nolit
722 577 787 616 cum
800 553 919 640 fratre,
943 557 1031 642 eoque
1044 553 1093 638 stc
1115 551 1230 618 merito.

198 633 414 702 Quaestionem
437 660 567 724 quoque
592 637 679 701 illam
702 638 836 724 primam
860 638 967 726 scripti
990 651 1023 702 et
1045 636 1230 718 voluntatis,

141 713 187 802 46
198 741 263 808 qua
278 743 341 786 non
353 736 366 762 ¹¹
388 737 579 810 expugnata,
595 745 660 786 non
676 723 713 786 stt
726 723 930 808 sequentibus
954 723 1056 788 locus.
1100 724 1158 804 At,
1173 723 1245 823 qui'

136 847 139 854 ι
197 818 343 875 naturam
358 807 517 894 sequetur,
533 807 590 872 illa
604 807 761 894 cogitabit
775 809 927 892 profedO,
966 808 1060 887 rimo,
1076 808 1138 872 hoc
1157 807 1229 873 dtc·

196 901 305 956 turum
319 893 481 970 rulllcum,
499 895 592 956 Peter
607 891 757 980 intestatus
771 893 843 957 duos
857 919 907 958 nos
911 831 998 982 filios
1011 894 1143 981 reliquit,
1155 896 1232 981 par-

198 986 253 1042 tem
272 978 347 1064 jure
367 979 504 1076 gentium
528 990 605 1066 peto.
651 979 736 1044 Quis
763 991 829 1042 tam
854 977 1033 1065 imperituS,
1063 979 1135 1065 quis
1162 993 1231 1043 tam

219 1062 343 1126 rocula
364 1063 476 1142 itteris,
515 1065 570 1127 uin
587 1063 627 1126 fic
650 1063 794 1150 incipiat,
811 1064 908 1128 etiam
931 1065 951 1128 fi
976 1063 1133 1141 nescierit,
1151 1063 1233 1150 quid

141 1149 182 1222 47
195 1082 233 1210 dt
248 1147 439 1234 propofitio?
511 1171 570 1212 ane
586 1171 790 1212 communem
806 1148 950 1212 omnium
966 1147 1074 1236 legem
1089 1149 1204 1212 leviter
1216 1158 1232 1188 ¹

196 1231 376 1312 adornabit,
391 1245 429 1298 ut
444 1233 573 1318 justam.
617 1233 745 1319 Nempe
768 1235 952 1320 scquetur²‚
976 1248 1014 1297 ut
1039 1255 1231 1320 quaeramuS,

196 1315 274 1402 quid
296 1315 395 1381 huic³
418 1333 484 1382 tam
510 1343 611 1405 aequae
636 1318 837 1404 postulationi
858 1317 1093 1404 respondeatur.
1127 1319 1175 1382 At
1196 1318 1233 1383 id

184 1401 396 1474 ‚manifestum
411 1405 464 1468 esl.
510 1406 577 1474 Lex
592 1405 646 1481 esi,
663 1404 828 1490 quaejubet
842 1405 1009 1468 exheredem
1022 1403 1075 1489 effe
1088 1428 1164 1481 eum,
1179 1404 1233 1499 qui
1258 1473 1262 1482 .

192 1489 279 1579 patri
300 1489 476 1576 proditionis
500 1513 554 1552 reo.
570 1514 627 1552 reon
650 1487 807 1576 adsuerit:
840 1501 872 1553 tre
895 1502 993 1552 autem
1016 1512 1075 1552 reon
1097 1487 1232 1576 aclsussi.

186 1571 293 1638 'Hanc
306 1573 551 1672 propositionem
574 1573 743 1640 necessario
762 1573 901 1660 sequitur
923 1574 1006 1661 legis
1028 1572 1182 1652 laudati0‚
1198 1587 1234 1638 et

142 1647 183 1728 48
198 1678 278 1743 ejus,
295 1679 352 1742 qur
375 1681 439 1724 non
463 1659 613 1738 adfuerit,
629 1657 829 1744 vituperatio.
874 1657 992 1723 Adhuc
1016 1658 1174 1722 versamur
1197 1659 1234 1723 in
1317 1671 1320 1678 '

157 1767 159 1772 ·
197 1741 362 1808 consessis:
393 1745 501 1810 redeat
524 1745 650 1824 animus
676 1744 716 1808 ad
741 1743 930 1844 petitorem:
958 1743 1143 1830 numquidb
1166 1757 1234 1808 non
1310 1753 1312 1757 ‘

196 1827 261 1891 hoc
280 1829 403 1916 cogitet
424 1829 778 1915 necesseest,nisrqu1c
800 1830 836 1893 stt
857 1829 952 1916 piane
977 1829 1099 1892 hebes?
1127 1827 1161 1892 Si
1184 1829 1234 1894 lee.¹

197 1911 300 1998 obstat,
314 1914 402 1978 nullo
417 1914 454 1978 lis
468 1913 516 2000 est,
533 1914 623 1977 inane
635 1913 818 2002 judiciarie
852 1941 862 1978 .·
885 1913 974 2001 atqui
989 1925 1022 1977 et
1034 1913 1065 1978 le
1091 1935 1142 1976 em
1158 1914 1233 1995 esse,

198 2012 232 2064 et
246 1997 319 2077 hoc,
333 2001 423 2088 quod
438 2023 475 2064 ea
490 2000 614 2087 puniat,
630 2022 649 2062 a
662 1999 776 2063 rustico
810 1999 930 2079 astum,
946 2011 1036 2064 extra
1079 1999 1234 2064 ubitatio-

197 2087 340 2148 nemesi.
387 2086 477 2151 Quid
492 2107 569 2172 ergo
585 2085 755 2150 dicemus?
782 2083 912 2171 Rusticus
934 2092 1048 2148 erantd.
1094 2083 1158 2148 Sed
1180 2084 1235 2150 lex

141 2179 184 2246 49
198 2185 286 2235 erat:
324 2193 437 2236 omnes
463 2169 705 2256 complediitur:
740 2169 822 2232 nihil
848 2169 999 2319 proderit.
1043 2167 1236 2234 Quaeramus

198 2275 289 2342 ergo,
306 2279 384 2320 num
400 2257 552 2320 infirmari
566 2256 600 2318 in
615 2253 723 2342 aliqua
742 2269 832 2342 parte
864 2277 903 2319 ex
925 2255 1027 2341 poffit.
1073 2255 1173 2321 Quod
1196 2277 1234 2318 a·

197 2339 266 2403 liud
284 2340 409 2424 (saepius
424 2341 543 2423 dicam)
562 2351 676 2403 natura
689 2340 858 2425 permittit,
873 2362 970 2425 quam
984 2352 1033 2418 ut,
1049 2362 1122 2403 cum
1138 2340 1236 2404 verba

198 2436 311 2487 contra
324 2425 395 2502 fint,
412 2423 453 2488 de
466 2425 630 2489 voluntate
643 2427 826 2509 quaeratur?
854 2424 1019 2488 Generalis
1033 2423 1134 2510 igitur
1148 2445 1236 2510 quae-

134 2521 137 2528 ’
197 2509 267 2588 iiio,
288 2509 403 2587 Verbis,
420 2509 629 2574 arevoluntote
640 2509 686 2593 fil
698 2508 875 2594 flendum?
909 2508 972 2573 Sed
994 2509 1127 2572 enimin
1144 2531 1236 2573 com·
1292 2578 1293 2586 χ

198 2616 297 2657 mune
320 2593 361 2656 de
380 2593 456 2680 jure
478 2594 567 2658 omni
592 2593 818 2680 disputandum
842 2594 975 2680 semper,
998 2615 1058 2657 nec
1080 2616 1238 2680 umquam

198 2677 464 2764 satisjudicatum
480 2681 535 2744 est.
580 2678 801 2744 Quaerendum
817 2678 938 2764 igiture
957 2679 990 2742 in
1004 2678 1064 2741 hac
1078 2679 1155 2765 ipsa,
1171 2702 1237 2766 qua

199 2763 404 2842 consistimus,
420 2787 459 2828 an
475 2763 597 2849 aliquid
612 2763 746 2826 inveniri
760 2766 862 2853 possit,
879 2763 965 2850 quod
983 2763 1099 2848 scripto
1121 2764 1235 2828 adver-

145 2853 188 2930 50
200 2846 295 2914 setur.
337 2849 435 2947 Ergo,
451 2849 582 2936 quisuis
602 2872 661 2912 non
682 2847 826 2934 affuerit,
844 2851 961 2912 exheres
983 2849 1070 2911 erit?
1091 2849 1234 2936 quisquis,

200 2933 263 2998 fine
277 2937 484 3019 exceptione?
510 2874 583 2998 iam
598 2932 628 2998 se
643 2932 699 2997 illa
714 2933 763 2996 vel
779 2934 864 2998 ultro
879 2933 1013 2998 offerent
1032 2947 1234 3020 argumenta,

198 3018 300 3090 Filius
321 3019 456 3106 irffansf,
472 3031 499 3083 et
513 3043 597 3107 teger
610 3042 668 3082 non
684 3017 797 3104 adfuit,
813 3020 907 3106 etqui
928 3019 1045 3098 aberat,
1061 3033 1089 3083 et
1110 3020 1162 3107 qui
1177 3020 1234 3083 rni-

233 3278 245 3302 “
266 3265 472 3334 nuncestpugna
485 3271 517 3319 G.
566 3271 712 3318 ¹om.Jens.
761 3270 954 3332 aequemur
965 3271 996 3318 G.
1007 3272 1077 3318 Jens„
1123 3271 1260 3322 aom.G.'
1345 3310 1348 3316 .

188 3333 211 3374 'l’
231 3337 444 3396 namaliquidhic
456 3349 509 3397 cog.
522 3335 553 3382 G.
619 3336 822 3397 tquiaG.Jens.
904 3335 1026 3383 “erata
1092 3337 1237 3384 ‘autent
1319 3395 1323 3402 1

199 3396 210 3430 ¹
226 3399 305 3448 inians
316 3399 340 3448 et
351 3417 393 3448 om.
405 3401 436 3448 G.
454 3402 483 3448 Et
495 3401 575 3448 inians
586 3399 650 3448 lilius
661 3402 703 3459 est,
715 3410 739 3447 et
750 3414 801 3447 non
813 3400 859 3448 ads.
871 3397 934 3446 Jeus.

234 3627 280 3676 45.
295 3609 636 3682 Qaestionemquoqueillam]
650 3613 693 3664 In·
742 3611 806 3680 lege,
818 3627 869 3679 qua
879 3625 1010 3680 oppugnor
1020 3627 1077 3680 ego,
1085 3621 1112 3662 et
1121 3613 1152 3664 de
1162 3613 1236 3680 cujus

199 3679 293 3748 tellige‚
316 3679 437 3733 videbunt
459 3682 486 3733 hi
509 3683 576 3734 tertii
598 3683 695 3751 generis
743 3682 768 3732 vi
786 3680 950 3748 disputamus.
981 3679 1040 3732 Vid.
1058 3680 1088 3731 de
1106 3679 1152 3732 hac
1167 3683 1237 3748 judi·

200 3750 352 3819 eloquentes.
743 3750 801 3802 ciali
824 3751 893 3801 vocis
922 3752 1064 3818 acceptione
1089 3750 1179 3802 Burm.
1204 3753 1237 3806 ad
1350 3797 1356 3808 ,

236 3838 281 3887 49.
309 3819 478 3889 disputandum
489 3821 599 3890 semper]
626 3822 693 3872 Cum
743 3818 866 3892 Qinstil.
891 3819 1005 3871 Declam.
1027 3821 1053 3879 6,
1075 3839 1102 3887 9.
1124 3839 1150 3890 p.
1175 3825 1235 3887 136.

200 3905 250 3943 non
270 3889 340 3960 possit
358 3891 444 3958 regula
460 3893 562 3942 inveniri
579 3903 656 3951 certa,
669 3903 694 3943 et
743 3888 825 3958 Apol.
845 3887 956 3940 Tertull.
977 3903 1002 3940 c.
1023 3893 1067 3952 46.
1093 3905 1131 3958 pr.
1152 3891 1182 3942 it.
1207 3910 1235 3961 p.

201 3957 270 4018 talis,
282 3976 339 4028 quae
350 3977 401 4011 rem
414 3961 540 4022 conficiat,
552 3971 575 4010 et
587 3979 638 4030 qua
650 3961 693 4011 ad·
745 3977 803 4025 392.
818 3958 863 4008 ubi
874 3957 1009 4027 synonyma
1024 3957 1090 4018 sont,
1103 3957 1130 4009 Si
1139 3960 1169 4010 de
1178 3963 1238 4024 ¹am'-

201 4025 283 4082 hibita
305 4030 382 4080 etiam
402 4031 434 4079 ab
458 4030 578 4100 imperitis
598 4029 696 4081 definiri
742 4028 777 4080 mi
793 4027 910 4096 equitate
926 4027 1089 4096 congrediare
1105 4026 1130 4094 fi
1144 4029 1237 4098 deside

203 4097 295 4168 semper
311 4097 392 4166 possit,
405 4098 505 4167 quando
522 4117 538 4150 a
556 4099 646 4170 scripto
658 4116 695 4149 re·
743 4105 911 4165 compareamr
944 4097 988 4166 (tic
1009 4108 1073 4165 puto
1094 4095 1237 4168 legendum,

203 4166 296 4227 cedere,
304 4179 328 4219 et
340 4168 482 4220 sententiam
495 4169 562 4239 sequi
573 4179 695 4238 oporteat.
744 4167 853 4218 Havete.
866 4167 1014 4237 comparem)
1018 4165 1045 4234 ſs
1053 4166 1083 4219 de
1085 4163 1239 4238 finiplicitotc

238 4253 283 4304 49.
301 4253 351 4305 qua
367 4237 521 4309 corfistimus]
538 4241 569 4292 In
587 4239 633 4293 hac
645 4237 697 4307 ipsa
744 4234 874 4305 consistam.

627 4315 635 4336 ¹
754 4339 778 4386 n
794 4320 842 4408 d3
