2870 4916
153 461 158 472 Ι
232 389 274 466 3⁸
470 385 1031 452 mraruourucrrarnm

221 553 286 618 ,hae
296 553 354 619 fint
365 552 397 618 in
413 539 510 620 verbo
519 552 603 633 solae,
613 553 674 620 five
682 552 822 619 ultimae:
839 563 873 616 et
885 551 917 616 in
928 551 979 616 hia
988 564 1044 618 aut
1052 549 1196 638 proxima
1206 572 1261 619 ex-

232 651 354 718 tremae,
371 653 427 704 aut
440 641 481 704 ab
499 661 535 704 ea
549 640 654 704 tertia.
696 638 812 702 Trium
825 659 931 724 porro,
947 638 987 702 de
1001 639 1118 724 quibua
1132 639 1259 728 loquor,

232 723 339 790 media
351 724 449 812 longa
462 737 517 789 aut
534 739 638 802 acuta,
654 736 708 788 aut
722 724 803 786 flexa
816 723 896 788 erit:
918 723 1031 788 eodem
1051 724 1123 788 loco
1142 725 1258 804 brevia,

232 793 344 894 uirque
385 833 488 874 savem
504 810 637 875 habebit
649 809 772 886 sonum,
785 809 920 894 ideoque
934 807 1063 894 positam
1083 811 1210 888 antefa,
1225 809 1257 876 id

231 895 275 958 est
286 895 325 958 ab
343 833 453 959 uitima
468 896 605 974 tertiam,
620 906 723 958 acuet.
747 893 798 956 Est
812 905 937 958 autem‘
953 893 986 956 in
1000 894 1087 958 omni
1104 915 1180 959 voce
1193 897 1258 960 uti·
1269 891 1311 958 3¹

232 1001 296 1066 que
311 993 415 1058 acuta,
431 979 482 1044 sed
498 1002 672 1080 numquam
686 978 758 1066 plus
772 1001 836 1042 una
845 1002 856 1058 ;
878 999 938 1042 nec
953 977 1067 1042 ultima
1081 999 1233 1080 umquam
1246 1005 1257 1062 3

232 1063 369 1150 ideoque
390 1066 423 1128 in
438 1063 609 1152 diffyllabu
629 1065 724 1150 prior.
770 1065 921 1127 Praeterea
943 1083 1119 1150 numquam
1147 1087 1179 1128 m
1204 1087 1257 1130 ea-

231 1149 319 1228 dem,
333 1150 413 1213 flexa
426 1162 459 1213 et
473 1163 577 1229 acuta,
591 1147 742 1236 quoniam
758 1147 870 1212 eadem
884 1149 966 1212 flexa
979 1151 1034 1212 etd
1049 1163 1152 1214 acuta.
1182 1152 1258 1215 Uti-

255 1250 317 1299 uec
333 1247 445 1298 neutra
458 1233 586 1300 claudet
599 1256 710 1298 vocem
726 1232 885 1297 Latinam.
929 1233 977 1296 Ea
996 1255 1083 1310 vero,
1099 1257 1171 1320 quae
1185 1237 1260 1302 sunt

230 1257 254 1386 d
266 1319 358 1385 llabae
382 1319 488 1398 unius,
510 1332 603 1385 erunt
628 1331 733 1396 acuta,
756 1330 812 1381 aut
836 1318 929 1394 flexa,
944 1339 985 1382 ne
1009 1319 1045 1382 fit
1068 1319 1175 1406 aliqua
1198 1341 1260 1386 vox

232 1345 296 1470 tine
321 1417 424 1488 acuta.
469 1407 512 1469 Et
537 1406 592 1470 ilia
614 1427 671 1492 per
692 1402 783 1466 sonos
797 1401 947 1468 accidunt
962 1421 1034 1487 quae
1055 1403 1255 1471 demonstrari
1268 1404 1314 1471 3²

230 1487 347 1578 scripto
372 1511 436 1556 non
460 1489 594 1575 potsunt,
619 1489 698 1556 vitia
719 1488 782 1552 oris
804 1501 837 1552 et
859 1487 999 1574 linguae:
1029 1491 1199 1574 ἰωτακισμὲς
1223 1505 1259 1556 et

231 1575 462 1660 λαμξδακισμὲς,
481 1577 651 1657 ἱσχνότητας
669 1586 703 1637 et
724 1573 937 1654 ωλατειασμὲς,
953 1572 1109 1638 feliciores
1131 1575 1256 1664 fingen-

231 1663 281 1729 dis
296 1664 480 1728 nominibus
495 1661 602 1726 Graeci
627 1672 764 1725 vocant:
789 1657 866 1720 ficut
889 1657 1082 1741 κοιλοςομίαν,
1098 1681 1171 1724 cum
1196 1683 1258 1728 vox

230 1749 317 1837 quafi
333 1750 366 1812 in
381 1747 497 1812 recessu
510 1747 573 1810 oris
584 1746 594 1785 f
604 1747 743 1810 auditur.
788 1743 869 1805 Sunt
883 1742 980 1806 etiam
995 1746 1112 1830 proprii
1125 1746 1255 1833 quidam
1267 1745 1311 1813 33

229 1848 264 1900 et
277 1833 497 1898 inevitabilem
512 1832 591 1910 soni,
606 1833 722 1918 quibua
737 1847 979 1916 nonnumquam
993 1831 1136 1894 nationes
1151 1853 1183 1895 re
1241 1873 1256 1887 .

229 1919 435 1984 hendimust.
482 1917 625 1982 Remotis
646 1917 745 2003 igitur
766 1913 926 1991 omnibus,
949 1912 1041 1998 quae¹
1059 1916 1171 2000 supra
1195 1918 1257 1982 ixi.

230 2027 316 2084 mus,
331 2005 428 2082 vitiis,
444 2003 504 2067 erit
517 2004 582 2082 illa,
598 2025 670 2088 quae
685 2013 816 2065 vocatur
836 1995 979 2080 ὀρθοὲφῒεια
990 1998 1010 2076 ¹,
1018 1998 1059 2062 'id
1080 2001 1123 2063 est
1144 2023 1257 2066 emen-

230 2091 304 2154 data
318 2112 391 2154 cum
408 2088 559 2153 suavitate
572 2110 686 2164 vocum
700 2084 900 2184 explanatio:
924 2103 997 2145 nam
1012 2083 1052 2146 fic
1066 2085 1167 2170 accipi
1224 2099 1255 2152 t.

230 2177 272 2239 est
286 2183 378 2240 rectu.
423 2174 538 2238 Cetera
561 2173 638 2238 vitia
661 2193 770 2237 omma
793 2166 997 2254 expluribus
1022 2170 1153 2236 vocibus
1184 2185 1254 2254 unt,
1267 2172 1313 2240 34

230 2282 365 2344 quorum
381 2257 628 2348 estfoloecismus:
651 2275 844 2344 quamquam
860 2253 946 2316 circa
965 2251 1028 2316 hoc
1047 2277 1177 2352 quoque
1191 2256 1255 2321 dis-

228 2358 375 2433 putatum
390 2345 451 2408 est:
475 2365 548 2408 nam
564 2344 659 2408 etiam
675 2341 732 2427 qui
751 2337 919 2424 complexu
938 2338 1090 2403 orationis
1112 2340 1256 2408 accidere

228 2453 303 2494 eum
333 2430 534 2508 confitentur,
560 2428 637 2515 quia
661 2439 767 2490 tamen
791 2424 887 2488 unius
916 2421 1139 2488 emendatione
1167 2427 1256 2492 verbi

211 2584 214 2592 ,
229 2514 346 2602 corrigi
360 2515 462 2601 potiit,
478 2514 511 2578 in
526 2513 623 2580 verbo
644 2512 704 2576 effe
724 2510 852 2589 vitium,
868 2529 932 2570 non
957 2506 990 2570 in
1011 2507 1153 2574 sermone
1176 2531 1254 2575 oon-

261 2737 358 2786 ‘etiam
369 2735 401 2785 G.
434 2735 497 2784 dSic
508 2736 579 2784 MSS.
591 2741 612 2781 er
622 2735 684 2783 Jens.
693 2750 724 2783 ex
734 2733 767 2782 al.
809 2733 872 2780 ‘Sic
882 2732 944 2779 Jens.
957 2729 1035 2780 Colin.
1047 2728 1162 2778 Obrecht.
1175 2730 1255 2791 itaque

229 2801 268 2849 als
326 2800 433 2850 fomnis
444 2802 475 2848 G.
525 2801 755 2848 *inenumerabiles
766 2799 796 2845 G.
809 2796 995 2844 innumerabiles
1004 2796 1066 2843 Jens.
1078 2805 1100 2840 er
1116 2793 1147 2841 al.
1160 2795 1255 2841 inenar-

227 2866 312 2915 rabiles
334 2852 455 2914 hanelitu
474 2875 511 2927 ap.
532 2865 589 2912 Bur.
654 2866 764 2928 Βἀορτε.
785 2863 906 2921 conjectura
925 2862 981 2909 Bur.
1046 2858 1101 2907 ide
1120 2859 1208 2922 quibus
1221 2860 1255 2908 G.

229 2930 236 2962 ¹
254 2931 356 2995 ὄρῦίπιωι
367 2931 398 2979 G.
410 2941 437 2978 ut
447 2931 576 2994 φιλεταῖρος,
584 2929 712 2994 pusularu-

265 3128 307 3174 31,
325 3110 410 3160 eadem
421 3107 495 3175 flexa
514 3107 636 3172 eructata]
662 3107 713 3160 Re·
761 3105 837 3158 ximis
860 3101 962 3174 quidem
984 3111 1049 3154 certe
1071 3099 1182 3172 copulari
1204 3117 1254 3155 noa

226 3179 314 3232 vocavi
326 3178 452 3230 lediionem
473 3179 546 3228 MSS.
560 3194 634 3244 quam
653 3177 715 3228 abo·¹
762 3174 853 3246 potest:
882 3169 985 3224 refertur
1006 3182 1089 3248 autem
1112 3169 1141 3222 ad
1162 3188 1254 3239 praece·

226 3249 316 3300 leverat
328 3265 375 3302 non
389 3247 446 3298 satis
463 3247 503 3298 hic
521 3244 580 3298 felix
592 3245 668 3314 Regii
678 3246 713 3297 se·
761 3245 845 3294 dentia
863 3242 948 3300 verba,
961 3257 1003 3292 nec
1019 3239 1107 3292 ultuma
1126 3257 1252 3309 umquam.

225 3317 329 3371 dulitas.
359 3319 463 3370 Dixerat
480 3317 564 3376 modo,
583 3332 714 3384 numquam
764 3311 851 3380 Utique
873 3310 957 3362 eodem
981 3309 1052 3380 plane
1074 3309 1148 3360 modo
1178 3309 1253 3362 initio

223 3388 279 3460 plus
298 3405 348 3439 una
367 3396 442 3436 acuta
461 3385 488 3437 in
504 3383 625 3453 voceeffe.
655 3385 713 3450 Jam
762 3383 838 3448 hujus
850 3379 967 3450 segmenti
980 3377 1083 3449 potitum
1095 3377 1138 3432 est.

226 3459 335 3524 subjicit,
355 3472 485 3526 numquam
504 3455 529 3506 in
549 3455 632 3505 eadem
652 3471 715 3504 voce
799 3459 969 3526 33‚nat1‘0ms
988 3455 1195 3527 reprebendimus]
1216 3457 1252 3508 Ε.

225 3528 267 3596 effe
280 3527 377 3597 flexam
395 3534 419 3576 ‘t
437 3534 546 3576 aculam·
576 3523 652 3574 Rati⁰
670 3523 712 3584 estu
762 3528 847 3598 legans
871 3529 1008 3580 Burmanni
1029 3525 1178 3591 conjectura,
1199 3525 1252 3576 sen-

132 3627 133 3632 =
226 3598 287 3666 quia
297 3596 369 3666 flexa
380 3593 473 3663 syllaba
489 3591 711 3661 eademestacuta·
762 3599 841 3650 tentia
861 3609 928 3650 certa
946 3608 971 3650 et
993 3593 1184 3648 indubitabilis=
1212 3593 1252 3646 sed

224 3665 406 3718 Circumflexus
433 3663 499 3714 enim
520 3673 544 3714 et
566 3660 634 3712 acuti
660 3663 713 3712 vim
762 3669 824 3736 quid
846 3668 863 3720 fi
882 3666 945 3720 reae
966 3665 1124 3718 Camerarius
1144 3665 1209 3733 cepit
1221 3665 1252 3716 de

224 3735 309 3798 habet,
330 3747 353 3786 et
372 3733 489 3802 quiddam
510 3729 633 3800 amplius:
655 3729 712 3782 vid'e
762 3737 793 3788 iis
815 3733 895 3796 vitiis;
908 3753 964 3803 quae
982 3735 1026 3787 fibi
1043 3735 1192 3803 exprobrant
1207 3750 1252 3784 na.

224 3825 282 3874 quae
305 3805 385 3856 statim
408 3803 552 3871 sequuntur,
576 3799 615 3850 Ea
638 3816 711 3860 vero,
760 3807 849 3858 tiones.
889 3805 977 3856 Utitur
999 3821 1068 3866 exem
1086 3803 1110 3854 lo
1133 3803 1252 3854 Camera-

239 3894 276 3928 ιω
287 3877 348 3945 flent
368 3873 414 3923 ἃς·
446 3873 508 3922 Haec
529 3868 643 3920 Videntur
663 3867 711 3919 du·
759 3877 821 3936 rius,
834 3875 901 3944 quod
920 3873 999 3926 nescio
1020 3891 1051 3924 au
1069 3823 1143 3924 irodie
1158 3871 1251 3932 ualeat,

223 3893 267 3996 iio
288 3961 377 3996 carcre.
408 3941 494 4007 Neque
515 3937 586 3989 causa
603 3937 711 4013 ¹proinde
750 3944 888 4010 fibilatione
905 3943 949 3995 illa
966 3941 1075 4002 Gallica,
1092 3957 1146 3992 cum
1164 3942 1250 3992 scaro.

222 4013 283 4076 fuir,
296 4031 340 4065 cur
352 4028 396 4080 pro
407 4019 431 4060 et
450 4027 482 4060 cx
495 4009 647 4060 substitueret
659 4007 710 4058 Re·
759 4014 811 4066 lum
832 4013 915 4065 dicunt
932 4022 957 4064 et
977 4013 1164 4080 Scampaniam
1192 4026 1250 4062 nam

222 4085 291 4152 gius.
318 4080 434 4134 Proxima
454 4081 527 4131 verba
546 4080 633 4146 utique
656 4075 710 4145 pos·
758 4079 1249 4152 n0st12‚Ge,-mgnommp12501umqu2,

222 4175 284 4217 cunt
307 4149 349 4215 nir
368 4159 457 4228 utique.
471 4161 571 4212 Novum
589 4159 710 4226 quiddam
758 4154 822 4205 vitia
834 4153 936 4204 durant.

222 4233 341 4303 sequitur,
352 4231 419 4302 quod
431 4247 473 4300 per
489 4229 571 4298 itaque
582 4245 642 4283 cum
652 4245 709 4298 pro-
