3024 4912
233 263 321 310 „¹

422 345 594 408 INSTIT.
617 341 824 406 ORA'TOR.
846 337 929 402 LIB.
950 339 1006 400 111.
1023 336 1051 398 Β.
1172 406 1179 418 ‚
1205 347 1263 413 193

219 481 305 580 ¹oum
319 511 456 601 ipsorum
471 533 591 588 rerum,
605 521 676 574 tum
696 505 910 586 audientium,
925 502 1006 569 ratio
1026 497 1176 570 suadendi
1197 495 1261 564 du·-

174 608 216 676 15
231 612 367 664 ceretur.
404 597 510 664 Nobis
524 595 624 694 major
638 595 672 660 in
686 592 858 658 revidetur
872 589 1005 656 varietas
1019 615 1028 653 ι
1052 609 1126 654 narn
1142 600 1176 650 et
1190 608 1259 683 con·

153 713 156 722 ·
218 683 404 768 saltantium
427 697 460 754 ct
483 683 661 768 eorfilnomm
676 679 898 766 plurimasunt
920 697 1049 764 genero.
1094 675 1204 740 Quare
1226 691 1261 732 rn

228 768 391 834 suadendo
410 783 444 832 et
466 765 671 832 diffundendo
692 765 753 828 trie
774 762 912 850 primum
936 759 1130 847 speuandab
1155 765 1262 834 erunt,

230 854 372 940 Quidstt,
388 855 493 941 dequo
507 853 714 929 deliberetur,
732 847 876 997 Quisnt
893 847 945 934 qai
969 847 1159 926 deliberent,
1177 844 1261 912 Oaie

220 939 273 1022 fit,
308 942 340 1004 ui
366 940 488 1004 nadeat.
534 939 627 1016 Rern,
643 935 684 999 de
705 955 768 1020 qua
810 933 992 1010 eliberatur,
1008 944 1064 996 eut
1079 945 1201 996 certum
1216 931 1262 996 est

175 1020 215 1082 16
229 963 311 1108 posti
358 1026 415 1105 eri,
430 1037 486 1088 aut
499 1023 668 1086 incertum.
714 1021 749 1084 Si
763 1021 933 1097 incertum,
951 1017 1021 1080 haec
1043 1017 1104 1082 erit
1128 1017 1261 1105 quaestio

227 1110 303 1190 solo,
319 1125 376 1175 aut
388 1109 612 1197 potentiffima.
657 1109 748 1192 Saepe
762 1105 848 1170 eninr
868 1101 1002 1180 accidet,
1018 1117 1057 1166 ut
1070 1103 1155 1186 prius
1170 1103 1259 1169 dicu·

227 1217 313 1274 mus,
336 1218 377 1260 ne
400 1197 421 1260 fi
490 1194 537 1258 ffit
561 1191 693 1279 quidem
719 1191 799 1268 lieri,
822 1189 883 1254 esse
904 1187 1105 1251 faciendum:
1128 1187 1258 1268 deinde,
1361 1229 1362 1235 κ

227 1281 295 1348 fieri
310 1303 374 1344 non
454 1302 484 1344 e.
530 1279 614 1343 Cum
630 1289 737 1340 autem
753 1275 794 1338 dc
813 1275 876 1338 hoc
896 1273 1062 1359 quaeritur,
1078 1273 1260 1360 conjetiura

226 1367 282 1446 est,
299 1367 353 1430 Aa
367 1365 388 1429 I
407 1367 486 1428 hmos
499 1363 646 1441 intercidi,
660 1359 813 1446 anstccari
821 1357 913 1446 palas
928 1358 1087 1446 Pomptina
1098 1360 1121 1437 ⁶,
1134 1383 1175 1422 an
1185 1373 1260 1445 por.

123 1467 125 1474 ’
179 1527 182 1533 k
228 1451 356 1538 tnsfieri
372 1449 484 1534 Hostia
503 1445 617 1534 poffit?
639 1447 696 1510 An
711 1445 884 1510 Alexander
899 1456 993 1508 terras
1008 1444 1092 1506 ultra
1110 1442 1259 1508 Oceanum

174 1547 212 1615 17
218 1533 261 1620 stt
275 1539 461 1598 inventurus.
505 1533 569 1596 Sed
584 1533 618 1596 in
639 1531 679 1596 iis
694 1551 835 1618 quoque,
850 1553 923 1616 quae
944 1528 1100 1594 constabit
1121 1528 1205 1616 polle
1219 1532 1258 1594 fi-

228 1621 286 1698 eri,
302 1619 485 1708 conjec‘tura
499 1615 668 1702 aliquando
683 1617 763 1680 erit:
788 1629 824 1679 ut
846 1617 866 1678 fi
892 1629 1062 1702 queratur,
1079 1615 1134 1678 An
1157 1617 1260 1703 ntique

214 1703 362 1788 ¹jutarum
368 1705 422 1792 ſsi,
432 1715 466 1768 at
483 1703 697 1788 Carthaginem
700 1702 843 1787 saperent
853 1700 994 1766 Romani:
1008 1713 1042 1764 nt
1052 1701 1153 1763 redeat
1164 1701 1258 1766 Han-

227 1789 324 1870 nibal,
331 1789 362 1876 ſs
377 1789 471 1877 Scipio
485 1789 642 1852 exercitam
657 1789 689 1850 in
702 1787 844 1873 Africam
861 1785 1065 1872 transtulerit.-
1087 1799 1122 1849 nt
1131 1789 1259 1872 servent

214 1873 315 1959 fidem
338 1875 495 1951 Samnites,
508 1875 539 1960 ſs
558 1873 684 1938 Romani
704 1897 794 1936 arma
809 1873 1023 1960 depofnerint?
1049 1873 1209 1938 Quaedam
1224 1887 1259 1938 et

175 2010 177 2015 .
228 1959 294 2024 lieri
317 1960 412 2047 polle,
428 1973 461 2024 et
484 1959 594 2024 future
620 1961 691 2036 elle,
707 1956 861 2022 credibile
875 1959 940 2036 ell3
963 1959 1017 2022 sed
1041 1971 1096 2022 aut
1108 1958 1168 2022 alio
1183 1972 1256 2024 tem-

173 2042 212 2107 18
262 2071 304 2125 re,
319 2061 375 2110 aut
390 2045 449 2110 alio
463 2044 532 2124 loco,
547 2057 602 2108 aut
616 2044 674 2108 alio
688 2043 780 2108 mode.
825 2043 892 2108 Ubi
908 2043 1100 2131 conjediurae
1115 2048 1257 2113 nouerit
1301 2083 1306 2098 =

238 2153 327 2211 ocus,
341 2131 405 2197 alia
419 2131 491 2196 sunt
504 2131 670 2195 intuenda.
715 2133 758 2195 Et
766 2129 922 2216 primum,
939 2143 995 2192 aut
1009 2143 1137 2217 propter
1158 2131 1257 2218 ipsam

224 2237 303 2297 rem,
319 2218 360 2282 de
374 2239 440 2304 que
453 2217 616 2282 sententiae
631 2229 796 2302 rogantur,
811 2213 1059 2279 consultabitur:
1084 2231 1140 2282 aut
1158 2235 1255 2317 prop-

223 2312 273 2366 ter
284 2302 360 2368 alias
375 2302 622 2367 intervenientes
636 2300 827 2366 extrinsecus
842 2299 971 2364 caullas.
1016 2301 1144 2387 Propter
1157 2305 1256 2390 ipsam

222 2385 400 2452 deliberent
415 2390 520 2458 Patres
542 2386 720 2473 conscripti,
736 2387 789 2450 An
800 2384 983 2533 stp'pendinm
1008 2387 1098 2450 militi
1118 2389 1255 2475 cuintitu-

157 2516 159 2525 .
171 2487 212 2556 19
225 2475 309 2535 ant?
332 2475 412 2536 Haec
423 2473 554 2536 materia
569 2472 699 2558 fimplex
712 2472 783 2542 erit,
860 2470 998 2534 ccedunt
1012 2470 1124 2536 caulsae
1138 2487 1194 2538 aut
1207 2476 1257 2540 fa-

224 2556 342 2638 ciendi,
357 2571 395 2622 ut
410 2557 587 2622 deliberant
604 2560 637 2622 P.
654 2557 694 2622 C.
710 2557 766 2620 An
781 2555 888 2620 Fabios
903 2557 1014 2619 dedant
1032 2558 1133 2621 Gallis
1147 2561 1256 2626 bellam

223 2643 462 2708 minitantibus?
487 2655 628 2708 autnon
650 2639 800 2720 faciendi,
815 2653 875 2705 ute
898 2641 1053 2706 deliberat
1075 2644 1114 2708 C.
1138 2645 1254 2728 Caesar,
1368 2721 1372 2724 ,

179 2761 183 2768 -
223 2727 277 2791 An
294 2731 459 2816 perseveret
482 2729 515 2792 in
543 2727 736 2792 Germaniam
760 2728 815 2805 ire,
833 2751 896 2790 enm
915 2727 1020 2790 milites
1039 2728 1143 2814 paffim
1165 2731 1253 2816 testa.

170 2827 212 2878 20
224 2814 499 2900 mentafaeerent?
521 2815 583 2876 Hae
596 2811 739 2878 suasoriae
755 2811 899 2896 duplices
913 2812 995 2875 sunt.
1039 2816 1125 2878 Nam
1142 2830 1176 2880 et
1189 2817 1257 2882 illic

224 2899 326 2962 caussa
340 2897 537 2963 deliberandi
552 2899 606 2976 est,
621 2897 709 2984 quod
720 2897 842 2962 bellum
859 2892 946 2960 Galli
961 2897 1171 2966 minitenture
1194 2904 1255 2968 elle

223 2995 330 3048 tamen
357 2984 488 3071 quaellio
511 2985 622 3070 potest,
639 2982 814 3046 Dedendine
824 2981 961 3067 fuerint,
977 2983 1065 3046 etiam
1086 2985 1163 3049 citra
1178 2991 1255 3054 hone

224 3069 485 3149 denunciationem,
501 3069 575 3156 qnif
590 3068 766 3156 eontrasas,
782 3091 847 3132 cnm
862 3067 955 3154 legati
969 3068 1045 3154 miffl
1057 3071 1154 3156 (stent,
1166 3087 1253 3159 prae.

222 3154 297 3218 liam
311 3155 442 3234 inierint,
458 3179 621 3240 regemque,
637 3155 776 3241 adquam
795 3155 941 3216 mandata
961 3169 1141 3241 acceperant,
1158 3161 1252 3224 traci-

168 3251 208 3303 21
224 3239 352 3304 derint?
367 3241 410 3304 Et
424 3241 479 3306 hic
494 3241 574 3305 nihil
592 3239 697 3320 Caespr
712 3239 775 3303 fine
789 3238 891 3304 dubio
905 3239 1071 3320 deliberet,
1086 3243 1140 3306 nisr
1155 3265 1252 3331 prop-

223 3437 453 3568 siuiiiiriimnda
464 3442 495 3490 G.
561 3441 645 3505 ‘quis
656 3441 687 3490 G.
784 3439 917 3490 ‘Fontine
926 3437 1033 3491 Getens.
1129 3445 1254 3497 ‘cmiii

259 3675 301 3723 16.
320 3669 419 3740 lstlrmm
434 3666 557 3732 intercidi]
578 3666 652 3740 Qud
670 3665 713 3718 sae-
800 3686 842 3732 17.
859 3677 887 3720 ut
905 3664 999 3720 redeat*
1011 3647 1152 3735 Hannibal]
1176 3673 1252 3744 Qod
1279 3714 1283 3724 s

220 3757 252 3810 pe
269 3753 405 3793 tentatum:
430 3739 483 3790 vid.
500 3739 636 3806 dil'putatio
656 3753 713 3805 quae
761 3735 828 3788 haud
840 3755 918 3790 vanus
936 3737 1063 3808 promissor
1084 3739 1167 3810 Scipio
1179 3743 1257 3810 polli.¹

222 3811 286 3862 inter
297 3811 406 3863 Luciani
418 3808 533 3879 opuscula
546 3808 667 3858 babetnre
682 3808 713 3858 it.
761 3819 831 3864 ,cetur
842 3811 867 3859 in
887 3809 1007 3868 oratione,
1019 3825 1094 3877 quam
1111 3809 1197 3862 retulit
1214 3812 1254 3864 vel

223 3879 322 3947 Jusephi
335 3880 453 3948 Scaligeri
464 3878 580 3931 Gallicus
592 3877 713 3928 deeoar-
761 3875 833 3929 fiuxit
846 3877 903 3928 Liv.
916 3881 958 3939 28,
971 3895 1017 3940 40.
1047 3875 1086 3932 De
1099 3879 1253 3934 Samnitibus
1323 3902 1325 3908 ¹

222 3961 342 4015 gumento
361 3947 577 4002 commentariolus
594 3947 658 3998 inter
676 3947 713 3996 0-
761 3958 787 3998 et
797 3947 859 3998 alias
870 3960 894 3998 et
906 3968 932 4014 9,
944 3965 990 4012 45.

241 4015 325 4068 ulcula
336 4018 385 4070 viri
396 4019 466 4070 varie
475 4031 530 4068 ante
542 4017 588 4072 hac
609 4015 711 4082 inedita.
800 4021 841 4068 18.
861 4015 1063 4137 Aiglipendium]
1071 4010 1142 4072 'vid
1155 4020 1213 4071 Liv.
1223 4039 1252 4086 4,

222 4033 310 4138 indulta
326 4087 356 4137 de
375 4086 423 4139 hoc
441 4097 465 4140 et
482 4087 584 4155 reliquis
595 4085 714 4154 operibuz
764 4103 808 4152 59.
827 4085 864 4156 sq.
919 4087 1037 4143 eratin
1058 4103 1082 4152 ς,
1098 4105 1111 4151 3
1117 4106 1139 4153 5.
1153 4089 1190 4162 sq,
1213 4091 1254 4144 De

221 4155 264 4276 pie
280 4159 422 4276 ιυρφὲταξῖζε
441 4157 583 4218 Suetonius,
595 4167 619 4206 et
638 4153 729 4226 adil-‘¹
762 4155 868 4210 Caesaris
885 4155 1060 4210 deliberatione
1079 4158 1128 4228 ipse
1140 4160 1211 4214 Gall.
1227 4179 1257 4224 r„

233 4241 274 4276 um
288 4241 333 4276 vrri
363 4243 377 4274 o
404 4245 423 4278 r.
764 4243 805 4292 39.
942 4243 945 4248 ·

262 4306 353 4367 voe.
374 4315 401 4360 1.
584 4357 587 4362 ,
797 4313 820 4358 e
