3022 4920
257 419 315 469 too
490 411 535 470 M.
557 409 680 470 rAssrr
702 409 1048 472 ou1NcT1L1ANr

253 572 316 638 bus
328 571 414 660 apud
428 573 578 661 quosdam
594 573 696 662 majus
709 575 752 639 est
766 573 915 662 pretium,
932 595 1029 662 quarn
1043 571 1095 653 iis,
1111 591 1184 658 quae
1204 569 1288 638 nihil

254 680 295 722 ex
310 659 491 723 communis
505 659 636 724 habitus
651 662 746 726 bonis
759 661 984 748 perdiderunt:
1007 671 1104 746 atque
1118 658 1217 722 etiam
1231 659 1287 745 qui
1302 677 1343 727 12

254 744 358 828 specie
378 745 558 830 capiuntur,
575 745 679 826 vulsis,
702 747 885 834 levatisque,
903 759 936 809 et
957 745 1073 810 inustas
1096 765 1205 808 comas
1228 765 1290 810 acu

255 831 468 910 comentibuS,
489 843 524 894 et
550 853 614 894 non
638 830 696 895 suo
717 833 824 896 colore
848 831 970 911 nitidis,
996 830 1069 916 plus
1092 829 1152 893 effe
1175 828 1288 893 sormae

255 926 381 998 putant,
397 938 493 1001 quarn
516 916 606 1001 poffit
628 917 769 982 tribuere
792 917 973 1003 incorrupta
995 929 1126 980 natura:
1150 927 1189 980 ut
1234 915 1288 978 ul·

255 999 405 1064 chritudo
419 1001 559 1088 corporis
573 1002 680 1066 venire
693 1003 838 1068 videatur
851 1025 891 1066 ex
905 1001 999 1066 malie
1018 999 1172 1064 moribus.
1211 937 1289 1064 suec

255 1084 358 1150 solum
381 1085 452 1150 haec
467 1086 530 1173 ipse
545 1087 676 1152 debebit
690 1088 805 1152 docere
850 1100 1015 1174 raeceptor‚
1030 1085 1083 1150 sed
1107 1084 1289 1170 frequenter

162 1195 243 1208 “-
254 1167 464 1256 interrogare,
478 1187 512 1236 et
523 1171 683 1260 judicium
700 1111 926 1260 discipusdrum
942 1171 1086 1258 experiri.
1132 1171 1185 1234 Sic
1198 1169 1288 1234 audi·
1303 1191 1340 1260 13

256 1257 385 1321 entibus
407 1257 555 1322 securitas
576 1259 690 1337 aberit,
711 1281 770 1323 nec
793 1282 865 1345 quae
890 1259 1047 1337 dicentur,
1073 1255 1289 1341 superfluent⁸

255 1363 369 1408 aures:
395 1341 549 1428 simulque
569 1343 610 1407 ad
632 1344 665 1408 id
688 1344 912 1430 perducentur,
929 1342 1016 1431 quod
1038 1365 1078 1407 ex
1092 1342 1155 1405 hoo
1170 1341 1313 1428 quaeri-'

255 1438 321 1507 tur,
336 1441 373 1492 ut
395 1427 560 1494 inveniant
581 1428 647 1515 ipsi,
668 1443 701 1493 et
723 1429 825 1493 intelli
851 1443 917 1494 ant.
962 1431 1049 1492 Nam
1077 1448 1176 1492 auro
1202 1426 1290 1490 aliud

256 1513 394 1612 regim,
410 1513 558 1578 docendo
571 1535 639 1594 eos,
654 1536 751 1600 quam
766 1537 806 1578 ne
821 1453 942 1600 smper
955 1513 1091 1578 docendi
1107 1514 1188 1576 sinti
1214 1515 1289 1578 Hoc
1304 1534 1345 1600 14

256 1598 437 1685 diligentiae
460 1621 565 1686 genus
590 1600 688 1664 ausim
706 1600 813 1664 dicere
836 1600 907 1686 plus
923 1599 1113 1664 collaturum
1138 1597 1290 1661 discenti·

255 1685 329 1762 bus,
345 1705 441 1770 quam
465 1707 577 1748 ornnes
591 1685 737 1749 omnium
752 1687 862 1764 ArteS,
878 1707 950 1772 quae
969 1683 1087 1771 juvant
1107 1685 1169 1748 fine
1192 1682 1291 1748 dubio

256 1769 418 1834 multum:
445 1769 497 1833 sed
512 1769 624 1834 latiore
638 1770 777 1857 quadarn
800 1770 1091 1856 comprehensrone‚
1107 1791 1163 1855 per
1178 1790 1291 1834 omnes

256 1854 389 1942 quidem
413 1853 532 1941 species
558 1877 666 1920 rerum
688 1855 833 1942 quotidie
855 1877 936 1942 pene
958 1854 1153 1919 nascentium
1173 1853 1219 1917 ire
1234 1854 1290 1938 qui

255 1939 405 2026 possunt?
445 1939 537 2004 Sicut
566 1940 607 2004 de
632 1963 665 2004 re
693 1940 823 2004 militari
851 1962 1048 2026 quamquam
1077 1939 1148 2002 sunt
1175 1938 1291 2002 tradita
1304 1959 1342 2028 15

256 2025 402 2110 quaedam
418 2037 576 2110 praecepta
590 2027 785 2104 communia,
801 2026 903 2112 magis
919 2041 1024 2089 tamen
1045 2023 1185 2111 proderit
1199 2023 1288 2102 scire,

256 2133 321 2195 qua
344 2110 463 2173 ducum
488 2111 621 2196 quisque
646 2112 779 2188 ratione,
802 2111 834 2174 in
859 2111 946 2198 quali
970 2111 1055 2190 locO,
1075 2122 1230 2194 tempore,
1254 2109 1291 2171 fit

257 2195 330 2262 usus
345 2193 509 2280 sapienter,
525 2211 581 2260 aut
596 2210 716 2259 contra.
762 2198 846 2260 Nam
863 2197 895 2258 in
911 2196 1062 2261 omnibus
1078 2194 1144 2257 fere
1161 2213 1288 2257 turnus

256 2281 365 2344 valent
381 2293 547 2366 praecepta,
563 2303 658 2366 quam
675 2283 901 2366 experimenta,
947 2282 1014 2345 Atb
1032 2301 1107 2345 vero
1129 2278 1289 2342 declama·
1303 2286 1344 2350 16

254 2365 306 2434 bit
327 2365 459 2452 quidem
482 2381 669 2451 praeceptor,
693 2381 729 2430 ut
756 2368 792 2430 srt
815 2367 961 2454 exemplo
983 2365 1045 2430 suis
1068 2363 1287 2428 auditoribus:

256 2473 320 2514 non
337 2449 407 2537 plus
422 2451 617 2516 contulerint
629 2451 703 2515 letti
721 2452 836 2516 Cicero
850 2475 886 2518 ac
902 2451 1153 2517 Demosthenes?
1179 2449 1288 2514 Corri-
1353 2461 1359 2469 '

255 2547 374 2624 getur‘
396 2536 513 2622 palam,
531 2537 551 2600 si
566 2536 646 2622 quid
661 2537 693 2600 in
708 2537 919 2601 declamando
933 2535 1103 2624 discipulus
1118 2533 1287 2599 erraverit:

256 2645 322 2686 non
352 2622 513 2708 potentius
548 2623 610 2687 erit
641 2623 809 2686 emendare
838 2624 1042 2687 orationem?
1081 2621 1159 2708 quin
1189 2619 1291 2682 immo

256 2707 355 2772 etiam
364 2705 551 2793 jucundiue.
589 2710 742 2772 Arreni
759 2708 844 2772 enim
863 2709 938 2772 vitia
951 2707 1085 2795 quisque
1100 2727 1133 2770 re
1155 2705 1291 2769 rehendi

184 2792 392 2871 ‘'mavult,
417 2814 511 2878 quam
537 2793 604 2858 sua.
649 2796 721 2857 Nec
746 2794 877 2857 deerant
900 2793 1002 2881 plura,
1026 2816 1099 2880 quae
1125 2728 1287 2855 dicerem:
1305 2812 1342 2880 17

254 2878 312 2942 sed
327 2877 490 2942 neminem
504 2877 575 2942 haec
601 2879 722 2944 utilitas
745 2878 850 2967 sugit:
874 2892 907 2943 at
931 2901 971 2944 ue
993 2878 1115 2943 utinam
1141 2890 1206 2941 tam
1224 2898 1289 2939 non

258 2964 367 3049 pigeat
381 2961 485 3028 fucere
508 2963 602 3042 istud,
618 2970 741 3051 quarnd
765 2987 829 3028 non
854 2964 922 3051 disp
935 2964 1044 3028 'cebit.
1075 2963 1164 3047 (VI.)
1190 2961 1290 3027 Quod
1304 2967 1342 3030 18

258 3049 279 3110 st
295 3047 434 3134 potuerit
448 3048 597 3129 obtineri,
613 3072 678 3114 non
692 3050 738 3114 ita
752 3049 889 3115 difficilis
909 3048 1062 3138 supererit
1076 3045 1218 3134 quaestio,
1234 3045 1291 3132 qui

292 3259 304 3286 ¹
319 3251 359 3297 Sic
370 3251 401 3298 G.
413 3263 435 3299 et
443 3250 546 3317 plerique
559 3250 631 3300 MSS.
643 3253 761 3313 perfluent
771 3253 819 3300 edd.
832 3253 862 3301 al.
874 3252 999 3316 praefluent
1010 3253 1065 3316 conj.
1077 3253 1156 3299 Burni.
1222 3247 1233 3280 ὓ
1251 3250 1291 3300 Sic

258 3316 321 3364 lens.
334 3315 418 3365 Anal.
482 3317 642 3378 ‘Corrigitur
653 3318 683 3365 G.
747 3316 1118 3384 dsiur'dfirmfflcmestfecisse?
1172 3318 1178 3330 '

164 3549 170 3560 ,
267 3483 502 3566 '13.strperstuent
513 3497 598 3561 aures]
619 3499 675 3549 Hoc
687 3510 751 3550 certe
801 3497 882 3550 sertim
901 3494 1008 3568 vascula
1028 3495 1076 3548 oris
1093 3494 1204 3576 angusti,
1224 3495 1290 3564 apud

101 3611 119 3640 ·.
141 3581 207 3617 .τ.
260 3565 398 3617 maluimus
409 3583 485 3634 quarn
497 3566 627 3636 perflarat,
638 3569 706 3635 quod
727 3589 752 3620 e·
801 3569 908 3620 nostnrnr
932 3584 996 3628 r‚2,
1009 3569 1053 3617 28.
1070 3567 1225 3639 fitperyusam
1247 3566 1289 3632 (ac

102 3637 206 3706 2350'
260 3635 309 3687 diti
321 3635 432 3706 plerique
442 3636 510 3706 typis
522 3637 626 3688 habent:
647 3637 693 3688 sine
703 3637 750 3690 du·
803 3639 904 3708 proinde
924 3635 1124 3708 superfluentem)
1137 3633 1290 3687 tumarisco-

143 3699 201 3770 ;’”
261 3707 305 3756 bio
316 3717 399 3756 autern
411 3705 548 3776 elegantius
566 3707 598 3759 est
614 3707 751 3760 Burmanni
796 3707 1001 3778 piamrgspuunt.

227 3789 231 3796 '
261 3775 324 3828 iilud
343 3773 480 3844 prefluent,
498 3775 567 3857 quod
589 3777 615 3828 in
632 3775 753 3845 pensurus
840 3795 882 3840 ¹4·
902 3775 987 3839 Artes]
1009 3775 1085 3827 Sumo
1095 3771 1194 3844 proprio
1212 3769 1255 3823 iilo
1266 3783 1290 3826 et

259 3864 290 3896 ex
309 3845 454 3913 compendio
469 3843 588 3906 scribendi
606 3858 750 3914 corruptum
801 3845 939 3916 angustiore
956 3844 1090 3906 intellectu,
1102 3860 1153 3913 quo
1170 3853 1199 3893 ut
1215 3841 1290 3906 τέχνη,

261 3915 340 3967 videri
353 3914 435 3982 potest.
469 3915 513 3966 Sed
527 3931 584 3966 curn
596 3915 668 3970 causa
683 3915 751 3967 nulla
801 3933 817 3966 a
829 3933 880 3984 qua
891 3915 983 3983 τεχνικοὶ
998 3913 1124 3974 dicuntur,
1140 3911 1170 3962 de
1187 3911 1291 3964 rhetori·

262 3982 301 4043 stt,
321 4001 397 4050 quare
412 3983 541 4060 praefluem
561 3985 587 4038 in
601 3983 752 4053 superfluent
801 4003 888 4038 corum
905 3995 1083 4053 praeceptorum
1099 3977 1290 4052 comprehensio-

254 4049 397 4104 ¹mutaverit
414 4051 562 4122 quisquam
586 4053 644 4108 satis
660 4071 752 4123 magna
800 4072 831 4106 ne
851 4052 983 4122 accipitur,
1001 4063 1030 4103 ut
1051 4069 1075 4116 ς,
1097 4071 1138 4112 ιο,
1153 4069 1213 4103 120.
1239 4047 1291 4101 Nec

254 4117 356 4181 autern,
374 4138 422 4172 cur
439 4134 525 4174 contra
538 4121 640 4176 fecerit:
661 4125 752 4176 malui·
801 4123 864 4176 enim
876 4119 977 4174 Artibus
993 4120 1065 4173 editis
1076 4121 1220 4192 saliumefl
1240 4119 1289 4172 &c-

255 4189 319 4242 'mus
336 4192 449 4262 verbum,
461 4194 528 4260 quod
549 4196 626 4246 tantis
646 4193 752 4246 auetori-
802 4190 961 4264 etsaepissrme
977 4189 1048 4244 aliae.

261 4259 499 4324 tatibue'niteretur,
511 4260 611 4328 servare,
621 4279 679 4316 cum
690 4279 753 4335 prae·
