3022 4920
249 411 304 466 ne
477 387 669 466 ujrouu
697 395 1072 468 QUINCTILIANI'

240 557 300 636 essu
323 553 507 648 ritetoric'eS,
534 571 638 632 ducere
663 570 788 632 homines
815 567 934 657 diiepic'lo
960 569 992 634 iri
1018 571 1062 649 id,
1089 572 1170 670 quod
1191 579 1272 638 ador·

241 659 327 722 velit.
373 656 435 718 Sed
456 677 494 717 ne
521 655 573 718 hic
598 656 727 742 quidem
745 656 817 718 satis
832 660 873 720 eil
889 657 1172 743 comprehensum:
1195 681 1268 746 per-
1284 677 1321 722 11

240 745 372 808 suadent
387 742 471 804 enim
489 741 638 819 dicendo,
653 741 700 802 vel
724 741 847 806 ducunt
869 744 900 805 in
925 744 957 806 id
972 744 1059 828 quod
1074 743 1198 823 volunt,
1215 745 1269 810 alii

239 851 380 915 quoque,
399 841 433 889 ut
452 827 624 900 meretrices,
640 827 809 889 adulatores
821 837 842 907 ¹,
859 841 1048 915 corruptores.
1093 829 1142 892 At
1158 845 1271 895 contra

240 937 302 978 nou
320 911 482 997 persuadet
498 911 617 996 semper
631 925 755 974 oratori
780 927 817 976 ut
835 914 962 977 interim
981 937 1044 977 non
1067 915 1104 988 sit
1124 917 1270 1002 proprius

238 996 666 1082 hicsinisejuS,interims1t
688 1000 868 1062 communis
891 1021 965 1062 cum
989 999 1039 1078 iis,
1053 1000 1109 1085 qui
1132 1003 1172 1064 ab
1196 1023 1269 1064 ora-

239 1101 307 1150 tore
323 1083 433 1168 procul
448 1081 571 1145 absunt.
615 1083 717 1168 Atqui
734 1105 796 1146 non
813 1085 951 1148 multum
968 1085 1086 1149 abhoc
1101 1085 1163 1149 sine
1186 1088 1270 1150 abest
1284 1093 1323 1154 12

237 1168 465 1256 Apollodorus,
480 1167 589 1230 dicens
607 1168 767 1254 judicialis
791 1170 942 1233 orationis
961 1172 1099 1258 primum
1123 1184 1156 1234 et
1178 1172 1270 1258 super

238 1256 347 1320 omnia
369 1253 440 1332 esse,
463 1254 637 1338 persuadere
654 1253 765 1336 judici,
781 1267 808 1316 ot
820 1257 999 1342 sententiam
1015 1258 1099 1343 rjus¹¹
1118 1257 1224 1320 ducere
1238 1260 1270 1321 in

237 1343 284 1419 id,
301 1341 379 1428 quod
400 1340 485 1402 volit.
529 1339 616 1402 Nam
633 1352 665 1401 et
687 1339 776 1425 ipse¹
801 1355 956 1404 oratorem
979 1341 1116 1406 sortunae
1130 1342 1268 1429 subjicit,

239 1443 278 1492 ut
303 1428 323 1490 fi
353 1449 416 1489 non
444 1423 635 1510 persuaserit,
662 1447 779 1488 nomen
804 1425 894 1492 suum
921 1427 1056 1491 retinere
1080 1449 1144 1491 non
1167 1429 1268 1514 possit.

240 1512 381 1578 Quidam
400 1509 589 1572 recesserunt
608 1511 648 1573 ab
667 1525 796 1588 eventu,
812 1511 888 1574 sicut
902 1513 1098 1596 Aristotelem
1114 1513 1195 1600 qui²
1218 1515 1269 1578 di·
1283 1533 1321 1600 13

239 1599 297 1675 eit,
313 1597 451 1660 rhetorice
466 1594 504 1679 est
516 1595 565 1657 vir
588 1594 759 1658 inveniendi
781 1597 877 1659 omnio
899 1598 1074 1661 irroratione
1090 1600 1268 1686 perfirofilri-

240 1684 315 1748 lia².
361 1681 428 1746 Qui
455 1680 525 1742 finis
550 1693 583 1742 et
606 1681 688 1744 illud
713 1681 838 1760 vitium,
854 1682 894 1746 de
917 1707 981 1768 quo
1003 1685 1094 1770 supra
1117 1684 1268 1764 diximus,

238 1771 348 1844 habet,
363 1781 397 1830 et
412 1765 547 1850 iusuper,
564 1767 652 1852 quod
668 1766 759 1844 nihil,
776 1767 829 1830 nisi
851 1769 1064 1832 inventionem
1082 1771 1268 1855 complesti-

239 1869 303 1932 tur,
328 1875 400 1938 quae
424 1851 486 1915 stne
513 1851 695 1916 elocutione
724 1875 787 1915 non
818 1855 861 1916 est
888 1855 999 1918 eratin.
1046 1857 1267 1940 Hermagorae,
1284 1872 1324 1936 14

237 1941 293 2026 qui
317 1939 413 2002 linem
435 1935 503 2022 ejus
525 1937 584 2000 esse
605 1937 651 2000 ait
672 1939 900 2024 peryirafibilr‘trr
922 1941 1026 2015 dicere,
1051 1953 1084 2003 et
1107 1940 1188 2018 aliie,
1212 1941 1269 2026 qui

238 2024 382 2090 eamdem
397 2022 584 2086 senteutiam
600 2045 663 2084 non
679 2022 796 2086 eisdem
812 2038 937 2088 tantum
950 2025 964 2064 b
979 2026 1082 2088 verbis
1097 2025 1267 2112 explicent,

227 2133 275 2186 ,ac
298 2111 392 2172 finem
415 2108 474 2170 esse
498 2107 722 2186 demonstrant,
738 2109 843 2190 dicere,
859 2135 927 2196 quae
949 2123 1087 2196 oporteat,
1103 2111 1200 2173 omnio
1227 2113 1271 2174 ad

233 2194 478 2283 persuadendum,
493 2193 567 2254 sutis
581 2193 758 2278 responsum
771 2195 826 2272 est,
843 2217 917 2258 cum
929 2197 1103 2281 persuadere
1116 2208 1268 2260 non'tau-

237 2295 309 2346 tum
324 2278 457 2342 oratoris
471 2277 530 2340 esse
547 2279 756 2342 convicimuS.
799 2281 921 2344 Addita
936 2283 1007 2343 sunt
1027 2279 1077 2343 his
1092 2281 1153 2345 elie
1171 2281 1266 2346 varie.
1285 2293 1322 2362 15

240 2365 381 2431 Quidam
404 2364 490 2426 enim
513 2362 591 2426 circo
612 2387 658 2426 res
678 2389 783 2442 omnes,
800 2366 928 2451 quidam
946 2367 1023 2428 circo
1046 2366 1149 2430 civiles
1170 2367 1269 2431 modo

236 2450 349 2516 versari
363 2449 522 2512 rhetoricen
536 2461 739 2534 putaverunt,
755 2473 892 2538 quorum
914 2453 1019 2515 verius
1041 2465 1148 2515 utrum
1171 2453 1218 2530 fit,
1236 2454 1268 2516 in

238 2559 278 2603 00
292 2537 375 2612 loeo,
392 2535 448 2620 qui
463 2533 559 2620 hujus
574 2535 753 2620 quaestionis
767 2537 910 2622 proprius
925 2537 978 2614 est,
996 2538 1112 2600 dicam.
1151 2539 1269 2602 Omnia
1283 2535 1323 2598 16

236 2620 398 2708 subjecisse
426 2619 543 2682 oratori
567 2619 691 2684 videtur
713 2623 909 2700 Aristotelem
926 2643 1000 2684 eum
1022 2622 1115 2701 dixit,
1129 2623 1193 2686 vim
1216 2625 1270 2707 effe

238 2707 367 2784 dicendi,
383 2705 479 2793 quidc
501 2705 664 2793 impetuque
678 2707 814 2854 rempofflt
825 2709 882 2792 ¹effe
902 2707 1099 2794 persuasibile.
1144 2711 1186 2772 Et
1209 2711 1267 2771 Pa-

214 2793 368 2871 trocles,
409 2791 440 2853 ui
463 2811 527 2852 non
549 2790 680 2878 quidem
737 2792 821 2878 jieit‚
838 2794 870 2856 in
892 2817 1008 2891 quaque
1026 2818 1079 2857 rr:
1110 2792 1163 2857 sed
1186 2793 1270 2858 nihil

237 2815 437 2962 excipiensm
462 2875 548 2940 idem
571 2875 717 2956 ostendit.
767 2879 835 2942 Vim
857 2900 942 2942 enim
969 2893 1062 2943 vocat
1086 2879 1268 2958 inveniendi,

240 2963 320 3053 ¹quod
331 2964 378 3048 fit
403 2962 435 3025 in
459 2961 588 3026 oratione
609 2963 810 3050 persuaſsbile,
836 2963 892 3050 qui
921 2964 998 3030 fines
1020 2965 1076 3028 etd
1096 2965 1150 3050 ipsi
1171 2965 1267 3028 solam

272 3181 411 3230 tateatores
422 3182 452 3229 G.
503 3181 1036 3245 ¹suamaemulatori.cerepum.
1087 3191 1100 3218 ¹
1118 3181 1194 3244 ipsum
1205 3171 1269 3231 Jelis.

241 3247 390 3360 :eertrpassG
424 3246 618 3308 ³persuadibilia
627 3247 658 3294 G.
755 3246 1035 3324 ¹¹om.G.,tamenlens.
1132 3249 1225 3311 ‘quod
1237 3249 1268 3296 G.

278 3509 320 3542 n.
339 3491 491 3556 adulatores]
511 3491 571 3543 Fere
587 3490 669 3558 magis
681 3491 729 3542 mi·
779 3492 815 3542 eis
832 3489 935 3543 sancum
945 3493 977 3562 se
996 3492 1096 3552 holere,
1119 3491 1144 3542 h.
1165 3511 1187 3544 e.
1200 3491 1270 3544 men-

240 3561 267 3614 hi
282 3559 361 3628 placet
381 3562 496 3621 alterum,
516 3559 652 3615 aleatores:
672 3577 730 3612 nem
780 3561 829 3612 sam
842 3559 994 3623 aleatoriam,
1007 3581 1035 3613 eo
1048 3561 1098 3631 ipsu
1110 3561 1199 3612 scilicet
1212 3579 1268 3632 pto-

238 3629 396 3682 adulatorum
413 3647 500 3682 nomen
519 3631 617 3680 videtur
629 3647 729 3699 genera·
780 3631 891 3695 fitentur,
912 3644 936 3682 et
960 3632 1090 3700 pisciculos
1109 3632 1202 3691 divites
1226 3631 1268 3684 illa

240 3697 290 3752 lius
302 3699 355 3760 esse,
367 3713 431 3753 certe
448 3707 598 3766 corruptores
619 3717 730 3770 compre·
779 3701 832 3751 esca
844 3717 916 3752 aurea
929 3713 1028 3770 captant
1040 3701 1200 3770 capiuntque.

238 3766 359 3822 hendere=
382 3769 463 3832 iaceo,
476 3769 541 3838 qnod
556 3770 669 3821 oratione
681 3769 731 3821 fere
817 3789 858 3834 13.
885 3769 1040 3834 inveniendi]
1070 3771 1108 3820 Ne
1131 3770 1268 3824 inveniendi

239 3840 266 3891 hi
284 3851 399 3901 utuntur,
413 3853 436 3892 et
457 3843 499 3892 vix
515 3839 643 3890 commode
654 3839 731 3890 eollo·
779 3841 880 3908 quidem
899 3839 1000 3908 semper,
1013 3837 1052 3890 sed
1061 3842 1090 3886 τῦ
1101 3839 1214 3902 θεωρῆσαι,
1226 3840 1264 3892 vi-

239 3909 290 3960 cari
303 3909 342 3959 hic
354 3909 459 3978 possunt,
472 3910 515 3960 ubi
529 3908 627 3959 dicendi
639 3910 677 3960 vis
689 3928 731 3960 ex·
778 3909 867 3973 dendi3
887 3911 953 3978 (vid.
972 3909 1003 3958 ad
1022 3909 1041 3960 s.
1065 3909 1121 3975 ιο.)
1146 3913 1184 3964 sed
1200 3927 1268 3961 com-

184 4031 185 4034 ,
239 3979 359 4030 cluditur.
400 3979 522 4030 Aleatores
539 3995 614 4046 quam
635 3979 751 4048 persua·
779 3977 896 4048 plestitur
917 3977 1010 4030 scilicet
1032 3981 1057 4026 τὸ
1079 3979 1185 4042 &rupuar
1212 3979 1269 4032 reli·

239 4049 313 4099 dendi
334 4047 477 4100 facultatem
498 4048 615 4108 habeant,
638 4047 732 4117 magno
780 4065 839 4116 qua.

240 4119 285 4168 suo
305 4117 396 4168 damno
419 4119 533 4190 quotidie
563 4118 732 4187 experiuntur,
818 4136 860 4183 15.
879 4115 905 4169 in
925 4117 1029 4182 coloro]
1050 4113 1119 4168 Infra
1138 4117 1184 4169 hoc
1205 4116 1270 4170 libro

239 4186 511 4256 questrahnntecetvi
524 4189 578 4238 auri
599 4198 656 4238 ante
676 4186 732 4238 illos
781 4203 805 4239 c.
820 4205 863 4240 21.
934 4214 937 4220 ¹

235 4257 357 4308 aleatores
369 4256 450 4326 positi,
464 4259 508 4329 qui
529 4259 554 4310 in
574 4256 684 4330 publicis
696 4255 733 4308 lo-
