<?xml version="1.0" encoding="UTF-8"?>
<!DOCTYPE html PUBLIC "-//W3C//DTD XHTML 1.0 Transitional//EN"
    "http://www.w3.org/TR/xhtml1/DTD/xhtml1-transitional.dtd">
<html xmlns="http://www.w3.org/1999/xhtml" xml:lang="en" lang="en">
 <head>
  <title>
</title>
<meta http-equiv="Content-Type" content="text/html;charset=utf-8" />
  <meta name='ocr-system' content='tesseract 3.04.00' />
  <meta name='ocr-capabilities' content='ocr_page ocr_carea ocr_par ocr_line ocrx_word'/>
</head>
<body>
  <div class='ocr_page' id='page_1' title='image "./mfabiiquinctili00quingoog_0190.png"; bbox 0 0 3024 4916; ppageno 0'>
   <div class='ocr_carea' id='block_1_1' title="bbox 216 407 1039 539">
    <p class='ocr_par' dir='ltr' id='par_1_1' title="bbox 216 407 1039 539">
     <span class='ocr_line' id='line_1_1' title="bbox 216 407 1039 539; baseline 0.002 -43"><span class='ocrx_word' id='word_1_1' title='bbox 216 436 221 446; x_wconf 74' lang='grc'><em>’</em></span> <span class='ocrx_word' id='word_1_2' title='bbox 248 415 321 532; x_wconf 62' lang='lat' dir='ltr'>&#39;igr</span> <span class='ocrx_word' id='word_1_3' title='bbox 463 435 527 539; x_wconf 70' lang='lat' dir='ltr'>nr.</span> <span class='ocrx_word' id='word_1_4' title='bbox 548 407 673 498; x_wconf 74' lang='lat' dir='ltr'>anau</span> <span class='ocrx_word' id='word_1_5' title='bbox 697 434 1039 502; x_wconf 74' lang='lat' dir='ltr'>cumc‘rrmnm</span> 
     </span>
    </p>
   </div>
   <div class='ocr_carea' id='block_1_2' title="bbox 243 591 1346 2492">
    <p class='ocr_par' dir='ltr' id='par_1_2' title="bbox 243 591 1339 1215">
     <span class='ocr_line' id='line_1_2' title="bbox 250 591 1286 692; baseline 0.005 -27"><span class='ocrx_word' id='word_1_6' title='bbox 250 591 329 689; x_wconf 55' lang='lat' dir='ltr'>{gri</span> <span class='ocrx_word' id='word_1_7' title='bbox 344 603 444 691; x_wconf 85' lang='lat' dir='ltr'>petit:</span> <span class='ocrx_word' id='word_1_8' title='bbox 468 601 488 665; x_wconf 90' lang='lat' dir='ltr'>ii</span> <span class='ocrx_word' id='word_1_9' title='bbox 506 613 613 666; x_wconf 87' lang='lat' dir='ltr'>tamen</span> <span class='ocrx_word' id='word_1_10' title='bbox 629 615 685 668; x_wconf 88' lang='lat' dir='ltr'>aut</span> <span class='ocrx_word' id='word_1_11' title='bbox 699 601 889 668; x_wconf 88' lang='lat' dir='ltr'>valetudinis</span> <span class='ocrx_word' id='word_1_12' title='bbox 908 601 949 680; x_wconf 88' lang='lat' dir='ltr'>vi,</span> <span class='ocrx_word' id='word_1_13' title='bbox 965 615 1021 666; x_wconf 89' lang='lat' dir='ltr'>aut</span> <span class='ocrx_word' id='word_1_14' title='bbox 1039 601 1286 692; x_wconf 73' lang='lat' dir='ltr'>intemperantia</span> 
     </span>
     <span class='ocr_line' id='line_1_3' title="bbox 251 689 1283 778; baseline 0 -26"><span class='ocrx_word' id='word_1_15' title='bbox 251 689 343 775; x_wconf 83' lang='lat' dir='ltr'>aegri,</span> <span class='ocrx_word' id='word_1_16' title='bbox 367 689 469 753; x_wconf 84' lang='lat' dir='ltr'>aliove</span> <span class='ocrx_word' id='word_1_17' title='bbox 492 711 557 776; x_wconf 91' lang='lat' dir='ltr'>quo</span> <span class='ocrx_word' id='word_1_18' title='bbox 581 689 653 754; x_wconf 87' lang='lat' dir='ltr'>casu</span> <span class='ocrx_word' id='word_1_19' title='bbox 678 689 801 753; x_wconf 87' lang='lat' dir='ltr'>sumnia</span> <span class='ocrx_word' id='word_1_20' title='bbox 827 711 891 751; x_wconf 92' lang='lat' dir='ltr'>non</span> <span class='ocrx_word' id='word_1_21' title='bbox 917 689 1090 778; x_wconf 86' lang='lat' dir='ltr'>contingit,</span> <span class='ocrx_word' id='word_1_22' title='bbox 1115 691 1192 753; x_wconf 90' lang='lat' dir='ltr'>dum</span> <span class='ocrx_word' id='word_1_23' title='bbox 1218 689 1283 775; x_wconf 80' lang='lat' dir='ltr'>ipse</span> 
     </span>
     <span class='ocr_line' id='line_1_4' title="bbox 250 773 1315 852; baseline 0.001 -16"><span class='ocrx_word' id='word_1_24' title='bbox 250 773 359 838; x_wconf 87' lang='lat' dir='ltr'>o&#39;rnnia</span> <span class='ocrx_word' id='word_1_25' title='bbox 372 774 544 839; x_wconf 89' lang='lat' dir='ltr'>secundum</span> <span class='ocrx_word' id='word_1_26' title='bbox 560 775 715 839; x_wconf 86' lang='lat' dir='ltr'>rationem</span> <span class='ocrx_word' id='word_1_27' title='bbox 731 773 852 852; x_wconf 81' lang='lat' dir='ltr'>fecerit,</span> <span class='ocrx_word' id='word_1_28' title='bbox 868 773 1037 838; x_wconf 85' lang='lat' dir='ltr'>medicinae</span> <span class='ocrx_word' id='word_1_29' title='bbox 1053 777 1114 839; x_wconf 89' lang='lat' dir='ltr'>fine</span> <span class='ocrx_word' id='word_1_30' title='bbox 1138 797 1203 838; x_wconf 90' lang='lat' dir='ltr'>non</span> <span class='ocrx_word' id='word_1_31' title='bbox 1225 797 1282 837; x_wconf 86' lang='lat' dir='ltr'>ex·</span> <span class='ocrx_word' id='word_1_32' title='bbox 1313 789 1315 794; x_wconf 79' lang='grc'><em>·</em></span> 
     </span>
     <span class='ocr_line' id='line_1_5' title="bbox 251 859 1282 938; baseline 0.002 -15"><span class='ocrx_word' id='word_1_33' title='bbox 251 861 341 926; x_wconf 84' lang='lat' dir='ltr'>cidit.</span> <span class='ocrx_word' id='word_1_34' title='bbox 388 863 436 923; x_wconf 89' lang='lat' dir='ltr'>Ita</span> <span class='ocrx_word' id='word_1_35' title='bbox 456 860 572 924; x_wconf 90' lang='lat' dir='ltr'>oratori</span> <span class='ocrx_word' id='word_1_36' title='bbox 593 861 675 924; x_wconf 90' lang='lat' dir='ltr'>bene</span> <span class='ocrx_word' id='word_1_37' title='bbox 695 859 803 923; x_wconf 76' lang='lat' dir='ltr'>dixisse</span> <span class='ocrx_word' id='word_1_38' title='bbox 818 859 889 922; x_wconf 87' lang='lat' dir='ltr'>finis</span> <span class='ocrx_word' id='word_1_39' title='bbox 905 860 958 923; x_wconf 85' lang='lat' dir='ltr'>est.</span> <span class='ocrx_word' id='word_1_40' title='bbox 1002 859 1088 926; x_wconf 90' lang='lat' dir='ltr'>Nam</span> <span class='ocrx_word' id='word_1_41' title='bbox 1112 862 1150 924; x_wconf 87' lang='lat' dir='ltr'>eti</span> <span class='ocrx_word' id='word_1_42' title='bbox 1168 883 1219 924; x_wconf 81' lang='lat' dir='ltr'>ars</span> <span class='ocrx_word' id='word_1_43' title='bbox 1233 883 1282 938; x_wconf 87' lang='lat' dir='ltr'>ea,</span> 
     </span>
     <span class='ocr_line' id='line_1_6' title="bbox 248 945 1285 1035; baseline -0.001 -27"><span class='ocrx_word' id='word_1_44' title='bbox 248 958 286 1009; x_wconf 86' lang='lat' dir='ltr'>ut</span> <span class='ocrx_word' id='word_1_45' title='bbox 301 946 367 1032; x_wconf 89' lang='lat' dir='ltr'>post</span> <span class='ocrx_word' id='word_1_46' title='bbox 381 945 523 1033; x_wconf 89' lang='lat' dir='ltr'>paullum</span> <span class='ocrx_word' id='word_1_47' title='bbox 540 945 655 1009; x_wconf 87' lang='lat' dir='ltr'>clarius</span> <span class='ocrx_word' id='word_1_48' title='bbox 678 945 889 1023; x_wconf 76' lang='lat' dir='ltr'>ostendemus,</span> <span class='ocrx_word' id='word_1_49' title='bbox 905 946 937 1007; x_wconf 83' lang='lat' dir='ltr'>in</span> <span class='ocrx_word' id='word_1_50' title='bbox 958 953 1027 1010; x_wconf 68' lang='lat' dir='ltr'>otiu</span> <span class='ocrx_word' id='word_1_51' title='bbox 1045 948 1154 1035; x_wconf 65' lang='lat' dir='ltr'>poma,</span> <span class='ocrx_word' id='word_1_52' title='bbox 1170 971 1228 1010; x_wconf 80' lang='lat' dir='ltr'>aon</span> <span class='ocrx_word' id='word_1_53' title='bbox 1252 947 1285 1008; x_wconf 85' lang='lat' dir='ltr'>in</span> 
     </span>
     <span class='ocr_line' id='line_1_7' title="bbox 250 1026 1339 1128; baseline 0 -32"><span class='ocrx_word' id='word_1_54' title='bbox 250 1031 367 1120; x_wconf 74' lang='lat' dir='ltr'>effetiu.</span> <span class='ocrx_word' id='word_1_55' title='bbox 414 1033 463 1094; x_wconf 84' lang='lat' dir='ltr'>Ita</span> <span class='ocrx_word' id='word_1_56' title='bbox 485 1030 596 1094; x_wconf 88' lang='lat' dir='ltr'>falsum</span> <span class='ocrx_word' id='word_1_57' title='bbox 620 1031 679 1095; x_wconf 91' lang='lat' dir='ltr'>erit</span> <span class='ocrx_word' id='word_1_58' title='bbox 695 1029 773 1094; x_wconf 91' lang='lat' dir='ltr'>illud</span> <span class='ocrx_word' id='word_1_59' title='bbox 788 1052 927 1116; x_wconf 86' lang='lat' dir='ltr'>quoque,</span> <span class='ocrx_word' id='word_1_60' title='bbox 944 1032 1032 1128; x_wconf 80' lang='lat' dir='ltr'>quod</span> <span class='ocrx_word' id='word_1_61' title='bbox 1047 1033 1176 1113; x_wconf 79' lang='lat' dir='ltr'>dicitur,</span> <span class='ocrx_word' id='word_1_62' title='bbox 1195 1032 1284 1094; x_wconf 79' lang='lat' dir='ltr'>Artes</span> <span class='ocrx_word' id='word_1_63' title='bbox 1297 1026 1339 1096; x_wconf 79' lang='grc'>26</span> 
     </span>
     <span class='ocr_line' id='line_1_8' title="bbox 243 1117 1284 1215; baseline 0.002 -38"><span class='ocrx_word' id='word_1_64' title='bbox 243 1118 332 1204; x_wconf 75' lang='lat' dir='ltr'>scire,</span> <span class='ocrx_word' id='word_1_65' title='bbox 348 1119 465 1205; x_wconf 82' lang='lat' dir='ltr'>quando</span> <span class='ocrx_word' id='word_1_66' title='bbox 477 1118 545 1202; x_wconf 79' lang='lat' dir='ltr'>stat</span> <span class='ocrx_word' id='word_1_67' title='bbox 558 1117 656 1215; x_wconf 79' lang='lat' dir='ltr'>finem</span> <span class='ocrx_word' id='word_1_68' title='bbox 672 1118 838 1202; x_wconf 65' lang='lat' dir='ltr'>corfinum,</span> <span class='ocrx_word' id='word_1_69' title='bbox 856 1118 1018 1181; x_wconf 81' lang='lat' dir='ltr'>rhetorzcen</span> <span class='ocrx_word' id='word_1_70' title='bbox 1033 1119 1151 1206; x_wconf 80' lang='lat' dir='ltr'>nescire.</span> <span class='ocrx_word' id='word_1_71' title='bbox 1196 1118 1284 1180; x_wconf 89' lang='lat' dir='ltr'>Nam</span> 
     </span>
    </p>

    <p class='ocr_par' dir='ltr' id='par_1_3' title="bbox 243 1201 1346 2492">
     <span class='ocr_line' id='line_1_9' title="bbox 248 1201 1282 1290; baseline 0 -24"><span class='ocrx_word' id='word_1_72' title='bbox 248 1202 280 1266; x_wconf 85' lang='lat' dir='ltr'>se</span> <span class='ocrx_word' id='word_1_73' title='bbox 294 1204 426 1290; x_wconf 89' lang='lat' dir='ltr'>quisque</span> <span class='ocrx_word' id='word_1_74' title='bbox 441 1203 522 1266; x_wconf 90' lang='lat' dir='ltr'>bene</span> <span class='ocrx_word' id='word_1_75' title='bbox 538 1203 645 1266; x_wconf 73' lang='lat' dir='ltr'>dicere</span> <span class='ocrx_word' id='word_1_76' title='bbox 660 1201 825 1290; x_wconf 88' lang='lat' dir='ltr'>intelligit.</span> <span class='ocrx_word' id='word_1_77' title='bbox 870 1201 928 1265; x_wconf 88' lang='lat' dir='ltr'>Uti</span> <span class='ocrx_word' id='word_1_78' title='bbox 950 1204 1048 1267; x_wconf 78' lang='lat' dir='ltr'>etiam</span> <span class='ocrx_word' id='word_1_79' title='bbox 1065 1204 1151 1268; x_wconf 88' lang='lat' dir='ltr'>vitiis</span> <span class='ocrx_word' id='word_1_80' title='bbox 1173 1203 1282 1267; x_wconf 88' lang='lat' dir='ltr'>rheto-</span> 
     </span>
     <span class='ocr_line' id='line_1_10' title="bbox 248 1286 1283 1378; baseline 0 -27"><span class='ocrx_word' id='word_1_81' title='bbox 248 1287 348 1368; x_wconf 78' lang='lat' dir='ltr'>ricen,</span> <span class='ocrx_word' id='word_1_82' title='bbox 365 1288 452 1378; x_wconf 92' lang='lat' dir='ltr'>quod</span> <span class='ocrx_word' id='word_1_83' title='bbox 466 1311 514 1351; x_wconf 88' lang='lat' dir='ltr'>ars</span> <span class='ocrx_word' id='word_1_84' title='bbox 529 1288 618 1352; x_wconf 88' lang='lat' dir='ltr'>nulla</span> <span class='ocrx_word' id='word_1_85' title='bbox 638 1287 744 1368; x_wconf 88' lang='lat' dir='ltr'>faciat,</span> <span class='ocrx_word' id='word_1_86' title='bbox 761 1286 989 1352; x_wconf 77' lang='lat' dir='ltr'>criminantur:</span> <span class='ocrx_word' id='word_1_87' title='bbox 1017 1289 1092 1376; x_wconf 84' lang='lat' dir='ltr'>quia</span> <span class='ocrx_word' id='word_1_88' title='bbox 1115 1303 1148 1353; x_wconf 92' lang='lat' dir='ltr'>et</span> <span class='ocrx_word' id='word_1_89' title='bbox 1170 1287 1283 1352; x_wconf 88' lang='lat' dir='ltr'>falsum</span> 
     </span>
     <span class='ocr_line' id='line_1_11' title="bbox 250 1371 1336 1462; baseline -0.001 -26"><span class='ocrx_word' id='word_1_90' title='bbox 250 1371 347 1454; x_wconf 86' lang='lat' dir='ltr'>dicat,</span> <span class='ocrx_word' id='word_1_91' title='bbox 370 1387 403 1438; x_wconf 91' lang='lat' dir='ltr'>et</span> <span class='ocrx_word' id='word_1_92' title='bbox 427 1375 556 1438; x_wconf 63' lang='lat' dir='ltr'>affectus</span> <span class='ocrx_word' id='word_1_93' title='bbox 580 1386 726 1438; x_wconf 69' lang='lat' dir='ltr'>moveat.</span> <span class='ocrx_word' id='word_1_94' title='bbox 762 1373 910 1437; x_wconf 74' lang='lat' dir='ltr'>Quorum</span> <span class='ocrx_word' id='word_1_95' title='bbox 938 1387 1085 1440; x_wconf 90' lang='lat' dir='ltr'>neutrum</span> <span class='ocrx_word' id='word_1_96' title='bbox 1113 1377 1154 1438; x_wconf 87' lang='lat' dir='ltr'>est</span> <span class='ocrx_word' id='word_1_97' title='bbox 1177 1387 1282 1462; x_wconf 84' lang='lat' dir='ltr'>turpe,</span> <span class='ocrx_word' id='word_1_98' title='bbox 1298 1383 1336 1453; x_wconf 85' lang='lat'>27</span> 
     </span>
     <span class='ocr_line' id='line_1_12' title="bbox 249 1457 1346 1548; baseline 0.001 -26"><span class='ocrx_word' id='word_1_99' title='bbox 249 1481 324 1523; x_wconf 88' lang='lat' dir='ltr'>curn</span> <span class='ocrx_word' id='word_1_100' title='bbox 349 1483 388 1524; x_wconf 79' lang='lat' dir='ltr'>ex</span> <span class='ocrx_word' id='word_1_101' title='bbox 411 1460 496 1524; x_wconf 87' lang='lat' dir='ltr'>bona</span> <span class='ocrx_word' id='word_1_102' title='bbox 516 1461 637 1524; x_wconf 88' lang='lat' dir='ltr'>ratione</span> <span class='ocrx_word' id='word_1_103' title='bbox 656 1457 882 1546; x_wconf 85' lang='lat' dir='ltr'>proficiscitur:</span> <span class='ocrx_word' id='word_1_104' title='bbox 911 1458 1049 1547; x_wconf 84' lang='lat' dir='ltr'>ideoque</span> <span class='ocrx_word' id='word_1_105' title='bbox 1073 1483 1131 1526; x_wconf 90' lang='lat' dir='ltr'>nec</span> <span class='ocrx_word' id='word_1_106' title='bbox 1156 1461 1282 1526; x_wconf 86' lang='lat' dir='ltr'>vitium.</span> <span class='ocrx_word' id='word_1_107' title='bbox 1339 1533 1346 1548; x_wconf 42' lang='grc'><em>,</em></span> 
     </span>
     <span class='ocr_line' id='line_1_13' title="bbox 249 1543 1283 1634; baseline 0 -25"><span class='ocrx_word' id='word_1_108' title='bbox 249 1543 336 1609; x_wconf 90' lang='lat' dir='ltr'>Nam</span> <span class='ocrx_word' id='word_1_109' title='bbox 350 1558 382 1609; x_wconf 89' lang='lat' dir='ltr'>et</span> <span class='ocrx_word' id='word_1_110' title='bbox 397 1545 599 1610; x_wconf 84' lang='lat' dir='ltr'>mendacium</span> <span class='ocrx_word' id='word_1_111' title='bbox 621 1545 736 1624; x_wconf 86' lang='lat' dir='ltr'>dicere,</span> <span class='ocrx_word' id='word_1_112' title='bbox 753 1545 848 1608; x_wconf 90' lang='lat' dir='ltr'>etiam</span> <span class='ocrx_word' id='word_1_113' title='bbox 865 1543 997 1631; x_wconf 82' lang='lat' dir='ltr'>sapienti</span> <span class='ocrx_word' id='word_1_114' title='bbox 1012 1545 1184 1634; x_wconf 87' lang='lat' dir='ltr'>aliquando</span> <span class='ocrx_word' id='word_1_115' title='bbox 1205 1567 1283 1609; x_wconf 89' lang='lat' dir='ltr'>con-</span> 
     </span>
     <span class='ocr_line' id='line_1_14' title="bbox 250 1629 1282 1720; baseline 0.001 -26"><span class='ocrx_word' id='word_1_116' title='bbox 250 1631 365 1694; x_wconf 80' lang='lat' dir='ltr'>cellum</span> <span class='ocrx_word' id='word_1_117' title='bbox 381 1633 445 1694; x_wconf 87' lang='lat' dir='ltr'>est:</span> <span class='ocrx_word' id='word_1_118' title='bbox 470 1645 503 1694; x_wconf 84' lang='lat' dir='ltr'>et</span> <span class='ocrx_word' id='word_1_119' title='bbox 516 1629 690 1707; x_wconf 61' lang='lat' dir='ltr'>affeausgfi</span> <span class='ocrx_word' id='word_1_120' title='bbox 713 1629 805 1693; x_wconf 90' lang='lat' dir='ltr'>aliter</span> <span class='ocrx_word' id='word_1_121' title='bbox 819 1629 859 1693; x_wconf 89' lang='lat' dir='ltr'>ad</span> <span class='ocrx_word' id='word_1_122' title='bbox 876 1631 1058 1716; x_wconf 77' lang='lat' dir='ltr'>aequitatem</span> <span class='ocrx_word' id='word_1_123' title='bbox 1077 1633 1207 1720; x_wconf 84' lang='lat' dir='ltr'>perduci</span> <span class='ocrx_word' id='word_1_124' title='bbox 1225 1632 1282 1720; x_wconf 88' lang='lat' dir='ltr'>ju-</span> 
     </span>
     <span class='ocr_line' id='line_1_15' title="bbox 248 1709 1339 1806; baseline -0.002 -28"><span class='ocrx_word' id='word_1_125' title='bbox 248 1715 311 1780; x_wconf 85' lang='lat' dir='ltr'>dex</span> <span class='ocrx_word' id='word_1_126' title='bbox 326 1739 390 1780; x_wconf 92' lang='lat' dir='ltr'>non</span> <span class='ocrx_word' id='word_1_127' title='bbox 404 1717 531 1802; x_wconf 89' lang='lat' dir='ltr'>poterit,</span> <span class='ocrx_word' id='word_1_128' title='bbox 546 1716 713 1781; x_wconf 81' lang='lat' dir='ltr'>ueceliario</span> <span class='ocrx_word' id='word_1_129' title='bbox 728 1715 870 1778; x_wconf 89' lang='lat' dir='ltr'>movebit</span> <span class='ocrx_word' id='word_1_130' title='bbox 884 1727 1000 1780; x_wconf 88' lang='lat' dir='ltr'>orator.</span> <span class='ocrx_word' id='word_1_131' title='bbox 1039 1718 1182 1806; x_wconf 85' lang='lat' dir='ltr'>imperiti</span> <span class='ocrx_word' id='word_1_132' title='bbox 1198 1719 1282 1781; x_wconf 92' lang='lat' dir='ltr'>enim</span> <span class='ocrx_word' id='word_1_133' title='bbox 1298 1709 1339 1777; x_wconf 82' lang='grc'>28</span> 
     </span>
     <span class='ocr_line' id='line_1_16' title="bbox 243 1800 1285 1889; baseline 0.003 -25"><span class='ocrx_word' id='word_1_134' title='bbox 243 1801 405 1888; x_wconf 85' lang='lat' dir='ltr'>judicant,</span> <span class='ocrx_word' id='word_1_135' title='bbox 423 1804 526 1889; x_wconf 89' lang='lat' dir='ltr'>etqui</span> <span class='ocrx_word' id='word_1_136' title='bbox 547 1801 729 1887; x_wconf 87' lang='lat' dir='ltr'>frequenter</span> <span class='ocrx_word' id='word_1_137' title='bbox 750 1801 782 1862; x_wconf 89' lang='lat' dir='ltr'>in</span> <span class='ocrx_word' id='word_1_138' title='bbox 800 1801 862 1864; x_wconf 91' lang='lat' dir='ltr'>hoc</span> <span class='ocrx_word' id='word_1_139' title='bbox 885 1800 985 1886; x_wconf 91' lang='lat' dir='ltr'>ipsum</span> <span class='ocrx_word' id='word_1_140' title='bbox 1002 1801 1131 1866; x_wconf 89' lang='lat' dir='ltr'>fallendi</span> <span class='ocrx_word' id='word_1_141' title='bbox 1146 1803 1228 1882; x_wconf 83' lang='lat' dir='ltr'>sunt,</span> <span class='ocrx_word' id='word_1_142' title='bbox 1245 1827 1285 1868; x_wconf 88' lang='lat' dir='ltr'>ne</span> 
     </span>
     <span class='ocr_line' id='line_1_17' title="bbox 249 1886 1285 1974; baseline 0.002 -23"><span class='ocrx_word' id='word_1_143' title='bbox 249 1900 364 1951; x_wconf 88' lang='lat' dir='ltr'>errent.</span> <span class='ocrx_word' id='word_1_144' title='bbox 409 1889 496 1951; x_wconf 90' lang='lat' dir='ltr'>Nam</span> <span class='ocrx_word' id='word_1_145' title='bbox 512 1889 532 1952; x_wconf 92' lang='lat' dir='ltr'>fi</span> <span class='ocrx_word' id='word_1_146' title='bbox 554 1887 636 1951; x_wconf 89' lang='lat' dir='ltr'>mihi</span> <span class='ocrx_word' id='word_1_147' title='bbox 655 1887 810 1973; x_wconf 88' lang='lat' dir='ltr'>sapientes</span> <span class='ocrx_word' id='word_1_148' title='bbox 826 1886 953 1974; x_wconf 85' lang='lat' dir='ltr'>judices</span> <span class='ocrx_word' id='word_1_149' title='bbox 966 1887 1093 1968; x_wconf 87' lang='lat' dir='ltr'>dentur,</span> <span class='ocrx_word' id='word_1_150' title='bbox 1109 1889 1285 1974; x_wconf 87' lang='lat' dir='ltr'>sapientum</span> 
     </span>
     <span class='ocr_line' id='line_1_18' title="bbox 250 1971 1283 2071; baseline 0.004 -35"><span class='ocrx_word' id='word_1_151' title='bbox 250 1974 433 2053; x_wconf 87' lang='lat' dir='ltr'>conciones,</span> <span class='ocrx_word' id='word_1_152' title='bbox 449 1984 545 2071; x_wconf 80' lang='lat' dir='ltr'>atque</span> <span class='ocrx_word' id='word_1_153' title='bbox 561 1995 657 2036; x_wconf 92' lang='lat' dir='ltr'>omne</span> <span class='ocrx_word' id='word_1_154' title='bbox 672 1972 858 2050; x_wconf 87' lang='lat' dir='ltr'>concilium,</span> <span class='ocrx_word' id='word_1_155' title='bbox 875 1971 956 2035; x_wconf 90' lang='lat' dir='ltr'>nihil</span> <span class='ocrx_word' id='word_1_156' title='bbox 968 1973 1087 2038; x_wconf 87' lang='lat' dir='ltr'>invidia</span> <span class='ocrx_word' id='word_1_157' title='bbox 1102 1975 1216 2054; x_wconf 89' lang='lat' dir='ltr'>valeat,</span> <span class='ocrx_word' id='word_1_158' title='bbox 1232 1976 1283 2040; x_wconf 90' lang='lat' dir='ltr'>ni·</span> 
     </span>
     <span class='ocr_line' id='line_1_19' title="bbox 248 2057 1283 2147; baseline 0.002 -25"><span class='ocrx_word' id='word_1_159' title='bbox 248 2057 297 2122; x_wconf 90' lang='lat' dir='ltr'>hil</span> <span class='ocrx_word' id='word_1_160' title='bbox 312 2060 426 2145; x_wconf 83' lang='lat' dir='ltr'>gratia,</span> <span class='ocrx_word' id='word_1_161' title='bbox 442 2059 523 2122; x_wconf 86' lang='lat' dir='ltr'>nihtl</span> <span class='ocrx_word' id='word_1_162' title='bbox 537 2059 645 2144; x_wconf 87' lang='lat' dir='ltr'>opinio</span> <span class='ocrx_word' id='word_1_163' title='bbox 682 2059 838 2137; x_wconf 84' lang='lat' dir='ltr'>raesumta‚</span> <span class='ocrx_word' id='word_1_164' title='bbox 854 2057 984 2144; x_wconf 78' lang='lat' dir='ltr'>salitque</span> <span class='ocrx_word' id='word_1_165' title='bbox 999 2061 1107 2124; x_wconf 88' lang='lat' dir='ltr'>testes:</span> <span class='ocrx_word' id='word_1_166' title='bbox 1129 2083 1283 2147; x_wconf 86' lang='lat' dir='ltr'>perquam</span> 
     </span>
     <span class='ocr_line' id='line_1_20' title="bbox 248 2081 1284 2290; baseline 0.005 -84"><span class='ocrx_word' id='word_1_167' title='bbox 248 2143 288 2207; x_wconf 88' lang='lat' dir='ltr'>fit</span> <span class='ocrx_word' id='word_1_168' title='bbox 300 2144 437 2231; x_wconf 83' lang='lat' dir='ltr'>exiguus</span> <span class='ocrx_word' id='word_1_169' title='bbox 453 2145 644 2232; x_wconf 85' lang='lat' dir='ltr'>eloquentiae</span> <span class='ocrx_word' id='word_1_170' title='bbox 659 2081 761 2222; x_wconf 80' lang='lat' dir='ltr'>loeus,</span> <span class='ocrx_word' id='word_1_171' title='bbox 777 2155 810 2215; x_wconf 86' lang='lat' dir='ltr'>et</span> <span class='ocrx_word' id='word_1_172' title='bbox 824 2164 922 2290; x_wconf 85' lang='lat' dir='ltr'>prope</span> <span class='ocrx_word' id='word_1_173' title='bbox 937 2144 975 2208; x_wconf 92' lang='lat' dir='ltr'>in·</span> <span class='ocrx_word' id='word_1_174' title='bbox 990 2144 1054 2207; x_wconf 87' lang='lat' dir='ltr'>sola</span> <span class='ocrx_word' id='word_1_175' title='bbox 1073 2145 1284 2211; x_wconf 69' lang='lat' dir='ltr'>delectatione</span> 
     </span>
     <span class='ocr_line' id='line_1_21' title="bbox 247 2229 1339 2314; baseline -0.002 -22"><span class='ocrx_word' id='word_1_176' title='bbox 247 2241 396 2314; x_wconf 88' lang='lat' dir='ltr'>ponatur.</span> <span class='ocrx_word' id='word_1_177' title='bbox 441 2229 497 2292; x_wconf 85' lang='lat' dir='ltr'>Sin</span> <span class='ocrx_word' id='word_1_178' title='bbox 513 2243 546 2293; x_wconf 92' lang='lat' dir='ltr'>et</span> <span class='ocrx_word' id='word_1_179' title='bbox 567 2229 767 2294; x_wconf 82' lang='lat' dir='ltr'>audientium</span> <span class='ocrx_word' id='word_1_180' title='bbox 789 2229 876 2292; x_wconf 91' lang='lat' dir='ltr'>mobi</span> <span class='ocrx_word' id='word_1_181' title='bbox 891 2250 925 2292; x_wconf 91' lang='lat' dir='ltr'>es</span> <span class='ocrx_word' id='word_1_182' title='bbox 947 2230 1057 2308; x_wconf 84' lang='lat' dir='ltr'>animi,</span> <span class='ocrx_word' id='word_1_183' title='bbox 1073 2244 1106 2294; x_wconf 86' lang='lat' dir='ltr'>et</span> <span class='ocrx_word' id='word_1_184' title='bbox 1127 2243 1177 2296; x_wconf 89' lang='lat' dir='ltr'>tot</span> <span class='ocrx_word' id='word_1_185' title='bbox 1191 2232 1284 2295; x_wconf 87' lang='lat' dir='ltr'>malis</span> <span class='ocrx_word' id='word_1_186' title='bbox 1299 2241 1339 2308; x_wconf 82' lang='grc'>29</span> 
     </span>
     <span class='ocr_line' id='line_1_22' title="bbox 249 2313 1283 2404; baseline 0.006 -29"><span class='ocrx_word' id='word_1_187' title='bbox 249 2313 389 2385; x_wconf 81' lang='lat' dir='ltr'>obnoxia</span> <span class='ocrx_word' id='word_1_188' title='bbox 408 2316 543 2378; x_wconf 84' lang='lat' dir='ltr'>veritas:</span> <span class='ocrx_word' id='word_1_189' title='bbox 568 2328 634 2378; x_wconf 90' lang='lat' dir='ltr'>arte</span> <span class='ocrx_word' id='word_1_190' title='bbox 655 2313 865 2404; x_wconf 84' lang='lat' dir='ltr'>pugnandum</span> <span class='ocrx_word' id='word_1_191' title='bbox 881 2315 933 2394; x_wconf 80' lang='lat' dir='ltr'>eti,</span> <span class='ocrx_word' id='word_1_192' title='bbox 955 2327 988 2378; x_wconf 90' lang='lat' dir='ltr'>et</span> <span class='ocrx_word' id='word_1_193' title='bbox 1009 2317 1191 2382; x_wconf 87' lang='lat' dir='ltr'>adhibenda</span> <span class='ocrx_word' id='word_1_194' title='bbox 1211 2340 1283 2403; x_wconf 86' lang='lat' dir='ltr'>quae</span> 
     </span>
     <span class='ocr_line' id='line_1_23' title="bbox 247 2399 1284 2492; baseline 0.004 -30"><span class='ocrx_word' id='word_1_195' title='bbox 247 2399 389 2486; x_wconf 86' lang='lat' dir='ltr'>prosunt.</span> <span class='ocrx_word' id='word_1_196' title='bbox 434 2401 505 2473; x_wconf 84' lang='lat' dir='ltr'>Nee</span> <span class='ocrx_word' id='word_1_197' title='bbox 519 2400 617 2479; x_wconf 87' lang='lat' dir='ltr'>enim,</span> <span class='ocrx_word' id='word_1_198' title='bbox 637 2421 706 2464; x_wconf 81' lang='lat' dir='ltr'>cur</span> <span class='ocrx_word' id='word_1_199' title='bbox 724 2399 810 2464; x_wconf 77' lang='lat' dir='ltr'>rec&#39;ta</span> <span class='ocrx_word' id='word_1_200' title='bbox 823 2400 875 2463; x_wconf 87' lang='lat' dir='ltr'>via</span> <span class='ocrx_word' id='word_1_201' title='bbox 888 2399 1035 2492; x_wconf 89' lang='lat' dir='ltr'>depulsus</span> <span class='ocrx_word' id='word_1_202' title='bbox 1050 2403 1103 2482; x_wconf 89' lang='lat' dir='ltr'>est,</span> <span class='ocrx_word' id='word_1_203' title='bbox 1119 2401 1227 2466; x_wconf 88' lang='lat' dir='ltr'>reduci</span> <span class='ocrx_word' id='word_1_204' title='bbox 1244 2403 1284 2466; x_wconf 87' lang='lat' dir='ltr'>ad</span> 
     </span>
    </p>
   </div>
   <div class='ocr_carea' id='block_1_3' title="bbox 248 2483 1341 2638">
    <p class='ocr_par' dir='ltr' id='par_1_4' title="bbox 248 2483 1341 2638">
     <span class='ocr_line' id='line_1_24' title="bbox 248 2483 1341 2638; baseline 0.004 -90"><span class='ocrx_word' id='word_1_205' title='bbox 248 2491 332 2564; x_wconf 76' lang='lat' dir='ltr'>eam,</span> <span class='ocrx_word' id='word_1_206' title='bbox 359 2485 413 2550; x_wconf 86' lang='lat' dir='ltr'>nili</span> <span class='ocrx_word' id='word_1_207' title='bbox 440 2486 502 2552; x_wconf 86' lang='lat' dir='ltr'>alio</span> <span class='ocrx_word' id='word_1_208' title='bbox 526 2487 611 2550; x_wconf 83' lang='lat' dir='ltr'>flexu</span> <span class='ocrx_word' id='word_1_209' title='bbox 630 2487 742 2638; x_wconf 69' lang='lat' dir='ltr'>potest.</span> <span class='ocrx_word' id='word_1_210' title='bbox 788 2483 929 2550; x_wconf 89' lang='lat' dir='ltr'>Plurima</span> <span class='ocrx_word' id='word_1_211' title='bbox 950 2508 1024 2550; x_wconf 90' lang='lat' dir='ltr'>vero</span> <span class='ocrx_word' id='word_1_212' title='bbox 1048 2510 1087 2553; x_wconf 83' lang='lat' dir='ltr'>ex</span> <span class='ocrx_word' id='word_1_213' title='bbox 1109 2511 1148 2552; x_wconf 90' lang='lat' dir='ltr'>eo</span> <span class='ocrx_word' id='word_1_214' title='bbox 1171 2498 1341 2564; x_wconf 84' lang='lat' dir='ltr'>contra30</span> 
     </span>
    </p>
   </div>
   <div class='ocr_carea' id='block_1_4' title="bbox 166 2571 1336 3440">
    <p class='ocr_par' dir='ltr' id='par_1_5' title="bbox 248 2571 1283 2664">
     <span class='ocr_line' id='line_1_25' title="bbox 248 2571 1283 2664; baseline 0.01 -32"><span class='ocrx_word' id='word_1_215' title='bbox 248 2572 412 2645; x_wconf 69' lang='lat' dir='ltr'>rhetoricari</span> <span class='ocrx_word' id='word_1_216' title='bbox 434 2571 594 2636; x_wconf 89' lang='lat' dir='ltr'>cavillatio</span> <span class='ocrx_word' id='word_1_217' title='bbox 610 2594 627 2636; x_wconf 92' lang='lat' dir='ltr'>e</span> <span class='ocrx_word' id='word_1_218' title='bbox 654 2620 663 2649; x_wconf 87' lang='lat'><strong><em>,</em></strong></span> <span class='ocrx_word' id='word_1_219' title='bbox 679 2571 766 2658; x_wconf 90' lang='lat' dir='ltr'>quod</span> <span class='ocrx_word' id='word_1_220' title='bbox 781 2591 820 2634; x_wconf 85' lang='lat' dir='ltr'>ex</span> <span class='ocrx_word' id='word_1_221' title='bbox 835 2584 970 2658; x_wconf 91' lang='lat' dir='ltr'>utraque</span> <span class='ocrx_word' id='word_1_222' title='bbox 988 2573 1097 2637; x_wconf 75' lang='lat' dir='ltr'>caussae</span> <span class='ocrx_word' id='word_1_223' title='bbox 1120 2587 1207 2664; x_wconf 88' lang='lat' dir='ltr'>parte</span> <span class='ocrx_word' id='word_1_224' title='bbox 1232 2573 1283 2642; x_wconf 88' lang='lat' dir='ltr'>di·</span> 
     </span>
    </p>

    <p class='ocr_par' dir='ltr' id='par_1_6' title="bbox 166 2656 1336 3343">
     <span class='ocr_line' id='line_1_26' title="bbox 166 2656 1283 2744; baseline -0.001 -25"><span class='ocrx_word' id='word_1_225' title='bbox 166 2735 173 2744; x_wconf 84' lang='lat'>.</span> <span class='ocrx_word' id='word_1_226' title='bbox 247 2669 350 2722; x_wconf 82' lang='lat' dir='ltr'>catur.</span> <span class='ocrx_word' id='word_1_227' title='bbox 397 2657 572 2736; x_wconf 89' lang='lat' dir='ltr'>indehaec‚</span> <span class='ocrx_word' id='word_1_228' title='bbox 590 2656 891 2742; x_wconf 75' lang='lat' dir='ltr'>Nullomrffiartem</span> <span class='ocrx_word' id='word_1_229' title='bbox 904 2658 1180 2742; x_wconf 79' lang='lat' dir='ltr'>fibicontrarz&#39;am3</span> <span class='ocrx_word' id='word_1_230' title='bbox 1209 2659 1283 2722; x_wconf 81' lang='lat' dir='ltr'>rire..</span> 
     </span>
     <span class='ocr_line' id='line_1_27' title="bbox 247 2741 1287 2832; baseline 0.002 -26"><span class='ocrx_word' id='word_1_231' title='bbox 247 2741 368 2808; x_wconf 89' lang='lat' dir='ltr'>toricen</span> <span class='ocrx_word' id='word_1_232' title='bbox 391 2741 451 2819; x_wconf 84' lang='lat' dir='ltr'>elle</span> <span class='ocrx_word' id='word_1_233' title='bbox 474 2743 662 2806; x_wconf 90' lang='lat' dir='ltr'>contrariam</span> <span class='ocrx_word' id='word_1_234' title='bbox 688 2743 765 2819; x_wconf 89' lang='lat' dir='ltr'>srbi:</span> <span class='ocrx_word' id='word_1_235' title='bbox 794 2741 910 2806; x_wconf 78' lang='lat' dir='ltr'>nullom</span> <span class='ocrx_word' id='word_1_236' title='bbox 929 2755 1023 2806; x_wconf 84' lang='lat' dir='ltr'>ortem</span> <span class='ocrx_word' id='word_1_237' title='bbox 1046 2743 1187 2830; x_wconf 73' lang='lat' dir='ltr'>destruere</span> <span class='ocrx_word' id='word_1_238' title='bbox 1207 2748 1287 2832; x_wconf 85' lang='lat' dir='ltr'>quod</span> 
     </span>
     <span class='ocr_line' id='line_1_28' title="bbox 249 2828 1282 2914; baseline 0.002 -22"><span class='ocrx_word' id='word_1_239' title='bbox 249 2828 379 2914; x_wconf 67' lang='lat' dir='ltr'>ffrerit</span> <span class='ocrx_word' id='word_1_240' title='bbox 389 2853 398 2908; x_wconf 83' lang='lat'>3</span> <span class='ocrx_word' id='word_1_241' title='bbox 423 2829 565 2892; x_wconf 87' lang='lat' dir='ltr'>accidere</span> <span class='ocrx_word' id='word_1_242' title='bbox 588 2829 650 2893; x_wconf 90' lang='lat' dir='ltr'>hoc</span> <span class='ocrx_word' id='word_1_243' title='bbox 674 2829 846 2893; x_wconf 86' lang='lat' dir='ltr'>rhetorices</span> <span class='ocrx_word' id='word_1_244' title='bbox 862 2829 971 2914; x_wconf 88' lang='lat' dir='ltr'>operi:</span> <span class='ocrx_word' id='word_1_245' title='bbox 995 2830 1086 2908; x_wconf 87' lang='lat' dir='ltr'>item&#39;,</span> <span class='ocrx_word' id='word_1_246' title='bbox 1103 2831 1168 2894; x_wconf 85' lang='lat' dir='ltr'>Aur</span> <span class='ocrx_word' id='word_1_247' title='bbox 1182 2833 1282 2894; x_wconf 83' lang='lat' dir='ltr'>dicen-</span> 
     </span>
     <span class='ocr_line' id='line_1_29' title="bbox 249 2914 1284 3002; baseline 0.004 -26"><span class='ocrx_word' id='word_1_248' title='bbox 249 2916 291 2976; x_wconf 82' lang='lat' dir='ltr'>do</span> <span class='ocrx_word' id='word_1_249' title='bbox 315 2938 378 2978; x_wconf 76' lang='lat' dir='ltr'>eam</span> <span class='ocrx_word' id='word_1_250' title='bbox 401 2915 511 3000; x_wconf 68' lang='lat' dir='ltr'>docere,</span> <span class='ocrx_word' id='word_1_251' title='bbox 526 2928 651 2979; x_wconf 82' lang='lat' dir='ltr'>autnon</span> <span class='ocrx_word' id='word_1_252' title='bbox 665 2914 811 2992; x_wconf 81' lang='lat' dir='ltr'>dicenda3</span> <span class='ocrx_word' id='word_1_253' title='bbox 841 2914 947 2999; x_wconf 88' lang='lat' dir='ltr'>itaque</span> <span class='ocrx_word' id='word_1_254' title='bbox 972 2914 1022 2978; x_wconf 90' lang='lat' dir='ltr'>vel</span> <span class='ocrx_word' id='word_1_255' title='bbox 1047 2937 1103 3002; x_wconf 91' lang='lat' dir='ltr'>per</span> <span class='ocrx_word' id='word_1_256' title='bbox 1128 2916 1191 2982; x_wconf 91' lang='lat' dir='ltr'>hoc</span> <span class='ocrx_word' id='word_1_257' title='bbox 1217 2939 1284 2980; x_wconf 93' lang='lat' dir='ltr'>non</span> 
     </span>
     <span class='ocr_line' id='line_1_30' title="bbox 250 2999 1283 3088; baseline 0.002 -26"><span class='ocrx_word' id='word_1_258' title='bbox 250 2999 311 3062; x_wconf 85' lang='lat' dir='ltr'>esse</span> <span class='ocrx_word' id='word_1_259' title='bbox 338 3011 452 3080; x_wconf 90' lang='lat' dir='ltr'>artem,</span> <span class='ocrx_word' id='word_1_260' title='bbox 496 3001 561 3074; x_wconf 90' lang='lat' dir='ltr'>uod</span> <span class='ocrx_word' id='word_1_261' title='bbox 587 3021 650 3066; x_wconf 92' lang='lat' dir='ltr'>non</span> <span class='ocrx_word' id='word_1_262' title='bbox 677 3000 812 3064; x_wconf 89' lang='lat' dir='ltr'>dicenda</span> <span class='ocrx_word' id='word_1_263' title='bbox 830 3000 1015 3086; x_wconf 88' lang='lat' dir='ltr'>praecipiat:</span> <span class='ocrx_word' id='word_1_264' title='bbox 1046 3000 1096 3064; x_wconf 76' lang='lat' dir='ltr'>uel</span> <span class='ocrx_word' id='word_1_265' title='bbox 1124 3023 1178 3088; x_wconf 85' lang='lat' dir='ltr'>per</span> <span class='ocrx_word' id='word_1_266' title='bbox 1206 3001 1283 3082; x_wconf 85' lang='lat' dir='ltr'>hoc,</span> 
     </span>
     <span class='ocr_line' id='line_1_31' title="bbox 248 3024 1283 3171; baseline 0.001 -24"><span class='ocrx_word' id='word_1_267' title='bbox 248 3084 348 3170; x_wconf 89' lang='lat' dir='ltr'>quod,</span> <span class='ocrx_word' id='word_1_268' title='bbox 374 3107 447 3158; x_wconf 80' lang='lat' dir='ltr'>eum</span> <span class='ocrx_word' id='word_1_269' title='bbox 474 3024 608 3149; x_wconf 72' lang='lat' dir='ltr'>dicenda</span> <span class='ocrx_word' id='word_1_270' title='bbox 632 3084 828 3171; x_wconf 89' lang='lat' dir='ltr'>praeceperit,</span> <span class='ocrx_word' id='word_1_271' title='bbox 854 3084 950 3156; x_wconf 82' lang='lat' dir='ltr'>etiam</span> <span class='ocrx_word' id='word_1_272' title='bbox 974 3085 1130 3156; x_wconf 84' lang='lat' dir='ltr'>contraria</span> <span class='ocrx_word' id='word_1_273' title='bbox 1155 3085 1205 3150; x_wconf 87' lang='lat' dir='ltr'>his</span> <span class='ocrx_word' id='word_1_274' title='bbox 1223 3085 1283 3149; x_wconf 76' lang='lat' dir='ltr'>do-</span> 
     </span>
     <span class='ocr_line' id='line_1_32' title="bbox 250 3169 1336 3270; baseline 0.003 -38"><span class='ocrx_word' id='word_1_275' title='bbox 250 3181 332 3238; x_wconf 88' lang='lat' dir='ltr'>ceat.</span> <span class='ocrx_word' id='word_1_276' title='bbox 376 3172 459 3236; x_wconf 79' lang='lat' dir='ltr'>Quae</span> <span class='ocrx_word' id='word_1_277' title='bbox 474 3171 582 3234; x_wconf 89' lang='lat' dir='ltr'>omnia</span> <span class='ocrx_word' id='word_1_278' title='bbox 605 3183 733 3257; x_wconf 87' lang='lat' dir='ltr'>apparet</span> <span class='ocrx_word' id='word_1_279' title='bbox 748 3171 789 3234; x_wconf 91' lang='lat' dir='ltr'>de</span> <span class='ocrx_word' id='word_1_280' title='bbox 803 3193 841 3234; x_wconf 88' lang='lat' dir='ltr'>ea</span> <span class='ocrx_word' id='word_1_281' title='bbox 859 3169 1016 3234; x_wconf 89' lang='lat' dir='ltr'>rhetorice</span> <span class='ocrx_word' id='word_1_282' title='bbox 1032 3171 1109 3250; x_wconf 86' lang='lat' dir='ltr'>dici,</span> <span class='ocrx_word' id='word_1_283' title='bbox 1125 3195 1197 3270; x_wconf 82' lang='lat' dir='ltr'>quae</span> <span class='ocrx_word' id='word_1_284' title='bbox 1214 3171 1249 3233; x_wconf 85' lang='lat' dir='ltr'>fit</span> <span class='ocrx_word' id='word_1_285' title='bbox 1265 3183 1336 3248; x_wconf 79' lang='lat' dir='ltr'>a31</span> 
     </span>
     <span class='ocr_line' id='line_1_33' title="bbox 249 3255 1283 3343; baseline 0 -25"><span class='ocrx_word' id='word_1_286' title='bbox 249 3255 336 3320; x_wconf 89' lang='lat' dir='ltr'>bono</span> <span class='ocrx_word' id='word_1_287' title='bbox 352 3255 418 3318; x_wconf 84' lang='lat' dir='ltr'>viro</span> <span class='ocrx_word' id='word_1_288' title='bbox 434 3270 529 3342; x_wconf 90' lang='lat' dir='ltr'>atque</span> <span class='ocrx_word' id='word_1_289' title='bbox 545 3257 584 3319; x_wconf 86' lang='lat' dir='ltr'>ab</span> <span class='ocrx_word' id='word_1_290' title='bbox 607 3257 671 3342; x_wconf 81' lang='lat' dir='ltr'>ipia</span> <span class='ocrx_word' id='word_1_291' title='bbox 691 3257 810 3319; x_wconf 88' lang='lat' dir='ltr'>virtute</span> <span class='ocrx_word' id='word_1_292' title='bbox 834 3255 995 3342; x_wconf 68' lang='lat' dir='ltr'>sejuntlaz</span> <span class='ocrx_word' id='word_1_293' title='bbox 1020 3255 1139 3343; x_wconf 86' lang='lat' dir='ltr'>alioqur</span> <span class='ocrx_word' id='word_1_294' title='bbox 1160 3257 1216 3320; x_wconf 91' lang='lat' dir='ltr'>ubi</span> <span class='ocrx_word' id='word_1_295' title='bbox 1233 3256 1283 3318; x_wconf 89' lang='lat' dir='ltr'>in-</span> 
     </span>
    </p>

    <p class='ocr_par' dir='ltr' id='par_1_7' title="bbox 202 3333 1283 3440">
     <span class='ocr_line' id='line_1_34' title="bbox 202 3333 1283 3440; baseline 0 -35"><span class='ocrx_word' id='word_1_296' title='bbox 202 3333 207 3360; x_wconf 62' lang='lat'><em>*</em></span> <span class='ocrx_word' id='word_1_297' title='bbox 244 3340 352 3428; x_wconf 62' lang='lat' dir='ltr'>julia,u</span> <span class='ocrx_word' id='word_1_298' title='bbox 375 3341 477 3416; x_wconf 82' lang='lat' dir='ltr'>cautla</span> <span class='ocrx_word' id='word_1_299' title='bbox 491 3343 544 3422; x_wconf 80' lang='lat' dir='ltr'>est,</span> <span class='ocrx_word' id='word_1_300' title='bbox 561 3339 605 3407; x_wconf 91' lang='lat' dir='ltr'>ibi</span> <span class='ocrx_word' id='word_1_301' title='bbox 627 3341 785 3414; x_wconf 79' lang='lat' dir='ltr'>rhetorice</span> <span class='ocrx_word' id='word_1_302' title='bbox 799 3363 863 3404; x_wconf 90' lang='lat' dir='ltr'>non</span> <span class='ocrx_word' id='word_1_303' title='bbox 878 3342 941 3405; x_wconf 68' lang='lat' dir='ltr'>este</span> <span class='ocrx_word' id='word_1_304' title='bbox 969 3341 1048 3405; x_wconf 84' lang='lat' dir='ltr'>adeo</span> <span class='ocrx_word' id='word_1_305' title='bbox 1063 3356 1100 3406; x_wconf 93' lang='lat' dir='ltr'>ut</span> <span class='ocrx_word' id='word_1_306' title='bbox 1113 3341 1187 3406; x_wconf 68' lang='lat' dir='ltr'>vixx</span> <span class='ocrx_word' id='word_1_307' title='bbox 1214 3343 1283 3440; x_wconf 67' lang='lat' dir='ltr'>[ex]</span> 
     </span>
    </p>
   </div>
   <div class='ocr_carea' id='block_1_5' title="bbox 382 3562 1154 3624">
    <p class='ocr_par' dir='ltr' id='par_1_8' title="bbox 382 3562 1154 3624">
     <span class='ocr_line' id='line_1_35' title="bbox 382 3562 1154 3624; baseline -0.005 -10"><span class='ocrx_word' id='word_1_308' title='bbox 382 3572 393 3595; x_wconf 80' lang='lat'>¹¹</span> <span class='ocrx_word' id='word_1_309' title='bbox 410 3563 473 3624; x_wconf 71' lang='lat' dir='ltr'>jutta</span> <span class='ocrx_word' id='word_1_310' title='bbox 485 3567 515 3612; x_wconf 90' lang='lat' dir='ltr'>G.</span> <span class='ocrx_word' id='word_1_311' title='bbox 528 3564 594 3622; x_wconf 64' lang='lat' dir='ltr'>male.</span> <span class='ocrx_word' id='word_1_312' title='bbox 658 3573 671 3608; x_wconf 70' lang='lat' dir='ltr'>x</span> <span class='ocrx_word' id='word_1_313' title='bbox 690 3565 731 3612; x_wconf 80' lang='lat' dir='ltr'>vix</span> <span class='ocrx_word' id='word_1_314' title='bbox 742 3582 783 3612; x_wconf 82' lang='lat' dir='ltr'>om.</span> <span class='ocrx_word' id='word_1_315' title='bbox 794 3565 824 3612; x_wconf 86' lang='lat' dir='ltr'>G.</span> <span class='ocrx_word' id='word_1_316' title='bbox 838 3574 858 3620; x_wconf 68' lang='lat' dir='ltr'>qr</span> <span class='ocrx_word' id='word_1_317' title='bbox 872 3566 898 3612; x_wconf 88' lang='lat' dir='ltr'>V.</span> <span class='ocrx_word' id='word_1_318' title='bbox 914 3565 941 3613; x_wconf 76' lang='lat' dir='ltr'>C.</span> <span class='ocrx_word' id='word_1_319' title='bbox 953 3563 1014 3612; x_wconf 82' lang='lat' dir='ltr'>Alm.</span> <span class='ocrx_word' id='word_1_320' title='bbox 1027 3579 1057 3620; x_wconf 75' lang='lat' dir='ltr'>ex</span> <span class='ocrx_word' id='word_1_321' title='bbox 1069 3581 1109 3620; x_wconf 67' lang='lat'><em>02⁷¹·</em></span> <span class='ocrx_word' id='word_1_322' title='bbox 1122 3562 1154 3610; x_wconf 83' lang='lat' dir='ltr'>al.</span> 
     </span>
    </p>
   </div>
   <div class='ocr_carea' id='block_1_6' title="bbox 249 3735 1285 4375">
    <p class='ocr_par' dir='ltr' id='par_1_9' title="bbox 251 3735 1285 4234">
     <span class='ocr_line' id='line_1_36' title="bbox 251 3735 1285 3816; baseline -0.005 -20"><span class='ocrx_word' id='word_1_323' title='bbox 251 3735 297 3816; x_wconf 62' lang='lat' dir='ltr'>‘que</span> <span class='ocrx_word' id='word_1_324' title='bbox 303 3745 446 3815; x_wconf 81' lang='lat' dir='ltr'>gubernem.</span> <span class='ocrx_word' id='word_1_325' title='bbox 465 3745 525 3800; x_wconf 89' lang='lat' dir='ltr'>Vid.</span> <span class='ocrx_word' id='word_1_326' title='bbox 546 3745 617 3796; x_wconf 85' lang='lat' dir='ltr'>Hier.</span> <span class='ocrx_word' id='word_1_327' title='bbox 638 3745 740 3804; x_wconf 73' lang='lat' dir='ltr'>Colum.</span> <span class='ocrx_word' id='word_1_328' title='bbox 828 3763 870 3809; x_wconf 80' lang='lat'>31.</span> <span class='ocrx_word' id='word_1_329' title='bbox 889 3744 924 3796; x_wconf 75' lang='lat' dir='ltr'>ibi</span> <span class='ocrx_word' id='word_1_330' title='bbox 935 3743 1052 3797; x_wconf 73' lang='lat' dir='ltr'>rhetorice</span> <span class='ocrx_word' id='word_1_331' title='bbox 1062 3761 1108 3794; x_wconf 84' lang='lat' dir='ltr'>non</span> <span class='ocrx_word' id='word_1_332' title='bbox 1118 3742 1163 3811; x_wconf 82' lang='lat' dir='ltr'>est]</span> <span class='ocrx_word' id='word_1_333' title='bbox 1183 3742 1285 3809; x_wconf 70' lang='lat' dir='ltr'>Accipe</span> 
     </span>
     <span class='ocr_line' id='line_1_37' title="bbox 252 3813 1282 3886; baseline -0.004 -18"><span class='ocrx_word' id='word_1_334' title='bbox 252 3821 278 3886; x_wconf 75' lang='lat' dir='ltr'>p.</span> <span class='ocrx_word' id='word_1_335' title='bbox 296 3837 354 3868; x_wconf 84' lang='lat' dir='ltr'>roz.</span> <span class='ocrx_word' id='word_1_336' title='bbox 369 3816 457 3868; x_wconf 80' lang='lat' dir='ltr'>Hcssel.</span> <span class='ocrx_word' id='word_1_337' title='bbox 474 3829 498 3866; x_wconf 88' lang='lat' dir='ltr'>et</span> <span class='ocrx_word' id='word_1_338' title='bbox 517 3815 615 3866; x_wconf 81' lang='lat' dir='ltr'>Merula</span> <span class='ocrx_word' id='word_1_339' title='bbox 634 3835 659 3886; x_wconf 88' lang='lat' dir='ltr'>p.</span> <span class='ocrx_word' id='word_1_340' title='bbox 682 3835 741 3878; x_wconf 25' lang='lat'>101¹,</span> <span class='ocrx_word' id='word_1_341' title='bbox 790 3833 819 3866; x_wconf 80' lang='lat' dir='ltr'>co</span> <span class='ocrx_word' id='word_1_342' title='bbox 836 3814 970 3874; x_wconf 70' lang='lat' dir='ltr'>intelletlu,</span> <span class='ocrx_word' id='word_1_343' title='bbox 987 3833 1038 3883; x_wconf 89' lang='lat' dir='ltr'>quo</span> <span class='ocrx_word' id='word_1_344' title='bbox 1055 3813 1184 3866; x_wconf 82' lang='lat' dir='ltr'>dicebatur</span> <span class='ocrx_word' id='word_1_345' title='bbox 1201 3827 1282 3879; x_wconf 81' lang='lat' dir='ltr'>quou-</span> 
     </span>
     <span class='ocr_line' id='line_1_38' title="bbox 253 3878 1281 3954; baseline -0.005 -19"><span class='ocrx_word' id='word_1_346' title='bbox 253 3890 295 3954; x_wconf 79' lang='lat' dir='ltr'>qni</span> <span class='ocrx_word' id='word_1_347' title='bbox 309 3887 358 3954; x_wconf 79' lang='lat' dir='ltr'>legi</span> <span class='ocrx_word' id='word_1_348' title='bbox 375 3886 439 3947; x_wconf 90' lang='lat' dir='ltr'>vult,</span> <span class='ocrx_word' id='word_1_349' title='bbox 452 3895 479 3936; x_wconf 86' lang='lat' dir='ltr'>ut</span> <span class='ocrx_word' id='word_1_350' title='bbox 490 3883 588 3936; x_wconf 72' lang='lat' dir='ltr'>clavom</span> <span class='ocrx_word' id='word_1_351' title='bbox 601 3889 693 3937; x_wconf 66' lang='lat' dir='ltr'>retium</span> <span class='ocrx_word' id='word_1_352' title='bbox 705 3897 740 3937; x_wconf 85' lang='lat' dir='ltr'>re·</span> <span class='ocrx_word' id='word_1_353' title='bbox 790 3886 857 3945; x_wconf 85' lang='lat' dir='ltr'>darn,</span> <span class='ocrx_word' id='word_1_354' title='bbox 870 3884 911 3954; x_wconf 80' lang='lat' dir='ltr'>qui</span> <span class='ocrx_word' id='word_1_355' title='bbox 919 3883 977 3951; x_wconf 81' lang='lat' dir='ltr'>fur,</span> <span class='ocrx_word' id='word_1_356' title='bbox 987 3883 1028 3952; x_wconf 76' lang='lat' dir='ltr'>qai</span> <span class='ocrx_word' id='word_1_357' title='bbox 1038 3882 1145 3941; x_wconf 81' lang='lat' dir='ltr'>adulter,</span> <span class='ocrx_word' id='word_1_358' title='bbox 1158 3878 1198 3950; x_wconf 75' lang='lat' dir='ltr'>qai</span> <span class='ocrx_word' id='word_1_359' title='bbox 1210 3898 1281 3930; x_wconf 78' lang='lat' dir='ltr'>ava-</span> 
     </span>
     <span class='ocr_line' id='line_1_39' title="bbox 251 3950 1282 4024; baseline -0.006 -17"><span class='ocrx_word' id='word_1_360' title='bbox 251 3967 335 4017; x_wconf 80' lang='lat' dir='ltr'>nrant,</span> <span class='ocrx_word' id='word_1_361' title='bbox 354 3956 490 4024; x_wconf 54' lang='lat' dir='ltr'>navist-tque</span> <span class='ocrx_word' id='word_1_362' title='bbox 505 3955 651 4022; x_wconf 67' lang='lat' dir='ltr'>gubernem,</span> <span class='ocrx_word' id='word_1_363' title='bbox 675 3957 741 4024; x_wconf 82' lang='lat' dir='ltr'>quati</span> <span class='ocrx_word' id='word_1_364' title='bbox 790 3973 833 4005; x_wconf 76' lang='lat' dir='ltr'>rus</span> <span class='ocrx_word' id='word_1_365' title='bbox 844 3955 884 4024; x_wconf 75' lang='lat' dir='ltr'>est,</span> <span class='ocrx_word' id='word_1_366' title='bbox 898 3953 1047 4022; x_wconf 76' lang='lat' dir='ltr'>Christianus</span> <span class='ocrx_word' id='word_1_367' title='bbox 1058 3969 1104 4002; x_wconf 87' lang='lat' dir='ltr'>non</span> <span class='ocrx_word' id='word_1_368' title='bbox 1120 3950 1157 4020; x_wconf 86' lang='lat' dir='ltr'>est.</span> <span class='ocrx_word' id='word_1_369' title='bbox 1180 3950 1237 4000; x_wconf 86' lang='lat' dir='ltr'>Nou</span> <span class='ocrx_word' id='word_1_370' title='bbox 1249 3950 1282 4001; x_wconf 81' lang='lat' dir='ltr'>est</span> 
     </span>
     <span class='ocr_line' id='line_1_40' title="bbox 252 4019 1282 4094; baseline -0.007 -18"><span class='ocrx_word' id='word_1_371' title='bbox 252 4028 282 4084; x_wconf 70' lang='lat' dir='ltr'>at</span> <span class='ocrx_word' id='word_1_372' title='bbox 312 4027 464 4076; x_wconf 74' lang='lat' dir='ltr'>exercendae</span> <span class='ocrx_word' id='word_1_373' title='bbox 481 4037 568 4075; x_wconf 80' lang='lat' dir='ltr'>nautas</span> <span class='ocrx_word' id='word_1_374' title='bbox 592 4028 739 4094; x_wconf 76' lang='lat' dir='ltr'>pertineret:</span> <span class='ocrx_word' id='word_1_375' title='bbox 792 4023 868 4074; x_wconf 81' lang='lat' dir='ltr'>sermo</span> <span class='ocrx_word' id='word_1_376' title='bbox 878 4025 909 4074; x_wconf 77' lang='lat' dir='ltr'>rie</span> <span class='ocrx_word' id='word_1_377' title='bbox 939 4021 1062 4074; x_wconf 75' lang='lat' dir='ltr'>roi&#39;eihone</span> <span class='ocrx_word' id='word_1_378' title='bbox 1073 4032 1182 4079; x_wconf 82' lang='lat' dir='ltr'>externa,</span> <span class='ocrx_word' id='word_1_379' title='bbox 1196 4019 1233 4070; x_wconf 76' lang='lat' dir='ltr'>sed</span> <span class='ocrx_word' id='word_1_380' title='bbox 1251 4019 1282 4070; x_wconf 85' lang='lat' dir='ltr'>de</span> 
     </span>
     <span class='ocr_line' id='line_1_41' title="bbox 251 4043 1282 4164; baseline -0.004 -20"><span class='ocrx_word' id='word_1_381' title='bbox 251 4096 289 4145; x_wconf 70' lang='lat' dir='ltr'>sed</span> <span class='ocrx_word' id='word_1_382' title='bbox 302 4096 389 4164; x_wconf 89' lang='lat' dir='ltr'>quidni</span> <span class='ocrx_word' id='word_1_383' title='bbox 402 4098 476 4145; x_wconf 77' lang='lat' dir='ltr'>eriam</span> <span class='ocrx_word' id='word_1_384' title='bbox 494 4096 558 4162; x_wconf 83' lang='lat' dir='ltr'>apud</span> <span class='ocrx_word' id='word_1_385' title='bbox 577 4097 687 4149; x_wconf 85' lang='lat' dir='ltr'>Ennium</span> <span class='ocrx_word' id='word_1_386' title='bbox 700 4094 741 4146; x_wconf 84' lang='lat' dir='ltr'>fu·</span> <span class='ocrx_word' id='word_1_387' title='bbox 791 4096 816 4144; x_wconf 86' lang='lat' dir='ltr'>vi</span> <span class='ocrx_word' id='word_1_388' title='bbox 836 4043 986 4162; x_wconf 81' lang='lat' dir='ltr'>profellionis</span> <span class='ocrx_word' id='word_1_389' title='bbox 1005 4094 1115 4162; x_wconf 87' lang='lat' dir='ltr'>propria,</span> <span class='ocrx_word' id='word_1_390' title='bbox 1136 4089 1151 4142; x_wconf 87' lang='lat' dir='ltr'>sr</span> <span class='ocrx_word' id='word_1_391' title='bbox 1172 4107 1200 4140; x_wconf 83' lang='lat' dir='ltr'>ea</span> <span class='ocrx_word' id='word_1_392' title='bbox 1219 4089 1282 4141; x_wconf 87' lang='lat' dir='ltr'>nihil</span> 
     </span>
     <span class='ocr_line' id='line_1_42' title="bbox 251 4164 932 4234; baseline -0.001 -21"><span class='ocrx_word' id='word_1_393' title='bbox 251 4167 297 4215; x_wconf 83' lang='lat' dir='ltr'>&#39;erit</span> <span class='ocrx_word' id='word_1_394' title='bbox 309 4184 357 4216; x_wconf 76' lang='lat' dir='ltr'>vor</span> <span class='ocrx_word' id='word_1_395' title='bbox 373 4165 454 4224; x_wconf 78' lang='lat' dir='ltr'>ducis,</span> <span class='ocrx_word' id='word_1_396' title='bbox 468 4164 503 4216; x_wconf 83' lang='lat' dir='ltr'>vel</span> <span class='ocrx_word' id='word_1_397' title='bbox 517 4177 580 4216; x_wconf 82' lang='lat' dir='ltr'>certe</span> <span class='ocrx_word' id='word_1_398' title='bbox 591 4168 741 4234; x_wconf 78' lang='lat' dir='ltr'>gubernato·</span> <span class='ocrx_word' id='word_1_399' title='bbox 791 4165 932 4215; x_wconf 85' lang='lat' dir='ltr'>mentiatur.</span> 
     </span>
    </p>

    <p class='ocr_par' dir='ltr' id='par_1_10' title="bbox 249 4227 1283 4375">
     <span class='ocr_line' id='line_1_43' title="bbox 251 4227 1282 4307; baseline -0.005 -22"><span class='ocrx_word' id='word_1_400' title='bbox 251 4236 302 4286; x_wconf 85' lang='lat' dir='ltr'>tis:</span> <span class='ocrx_word' id='word_1_401' title='bbox 323 4233 454 4303; x_wconf 71' lang='lat' dir='ltr'>praesertim</span> <span class='ocrx_word' id='word_1_402' title='bbox 473 4235 583 4285; x_wconf 84' lang='lat' dir='ltr'>comita</span> <span class='ocrx_word' id='word_1_403' title='bbox 602 4235 699 4304; x_wconf 78' lang='lat' dir='ltr'>legatur</span> <span class='ocrx_word' id='word_1_404' title='bbox 716 4237 742 4286; x_wconf 93' lang='lat' dir='ltr'>in</span> <span class='ocrx_word' id='word_1_405' title='bbox 830 4251 871 4297; x_wconf 83' lang='lat'>31.</span> <span class='ocrx_word' id='word_1_406' title='bbox 891 4241 917 4283; x_wconf 84' lang='lat' dir='ltr'>ut</span> <span class='ocrx_word' id='word_1_407' title='bbox 935 4230 987 4282; x_wconf 86' lang='lat' dir='ltr'>vix</span> <span class='ocrx_word' id='word_1_408' title='bbox 1004 4249 1037 4282; x_wconf 84' lang='lat' dir='ltr'>ex</span> <span class='ocrx_word' id='word_1_409' title='bbox 1053 4229 1197 4282; x_wconf 81' lang='lat' dir='ltr'>admirabili</span> <span class='ocrx_word' id='word_1_410' title='bbox 1211 4227 1282 4307; x_wconf 65' lang='lat' dir='ltr'>caste}</span> 
     </span>
     <span class='ocr_line' id='line_1_44' title="bbox 249 4301 1283 4375; baseline -0.005 -19"><span class='ocrx_word' id='word_1_411' title='bbox 249 4301 361 4375; x_wconf 75' lang='lat' dir='ltr'>&#39;antiquis</span> <span class='ocrx_word' id='word_1_412' title='bbox 375 4303 459 4357; x_wconf 71' lang='lat' dir='ltr'>Isidori</span> <span class='ocrx_word' id='word_1_413' title='bbox 479 4305 552 4364; x_wconf 82' lang='lat' dir='ltr'>libris</span> <span class='ocrx_word' id='word_1_414' title='bbox 567 4308 638 4374; x_wconf 83' lang='lat' dir='ltr'>Orig.</span> <span class='ocrx_word' id='word_1_415' title='bbox 657 4323 697 4372; x_wconf 75' lang='grc' dir='ltr'>ιι),</span> <span class='ocrx_word' id='word_1_416' title='bbox 714 4325 739 4357; x_wconf 89' lang='lat'>2.</span> <span class='ocrx_word' id='word_1_417' title='bbox 793 4301 894 4368; x_wconf 53' lang='lat' dir='ltr'>erax</span> <span class='ocrx_word' id='word_1_418' title='bbox 912 4319 962 4354; x_wconf 91' lang='lat' dir='ltr'>non</span> <span class='ocrx_word' id='word_1_419' title='bbox 986 4303 1019 4354; x_wconf 82' lang='lat' dir='ltr'>ita</span> <span class='ocrx_word' id='word_1_420' title='bbox 1041 4302 1142 4368; x_wconf 75' lang='lat' dir='ltr'>junxifl&#39;e</span> <span class='ocrx_word' id='word_1_421' title='bbox 1165 4301 1283 4360; x_wconf 63' lang='lat' dir='ltr'>Fabium,</span> 
     </span>
    </p>
   </div>
   <div class='ocr_carea' id='block_1_7' title="bbox 0 0 1516 4916">
    <p class='ocr_par' dir='ltr' id='par_1_11' title="bbox 0 0 1516 4916">
     <span class='ocr_line' id='line_1_45' title="bbox 0 0 1516 4916; baseline 0 0"><span class='ocrx_word' id='word_1_422' title='bbox 0 0 1516 4916; x_wconf 95' lang='lat' dir='ltr'> </span> 
     </span>
    </p>
   </div>
  </div>
 </body>
</html>
