3022 4920
421 373 590 438 meria.
611 373 817 462 ornroii.
837 375 921 436 eni.
942 376 982 436 ir.
1004 393 1035 452 ,i
1210 373 1250 454 ⁸9

190 595 194 602 .
216 537 262 604 rie
275 532 530 626 ejusaccedunt,
546 538 625 604 asine
644 537 763 604 melius
777 536 979 616 elaborasset3
1003 547 1059 618 aut
1079 547 1184 602 orator
1197 538 1249 602 lo·
1269 598 1271 608 .

219 626 277 710 qui
292 625 428 704 nesciet3
452 638 508 688 aut
520 625 654 688 leviores
669 626 798 688 morbos
811 647 920 710 curare
934 647 998 688 nori
1013 623 1131 710 poterit
1144 623 1249 688 medi·

187 721 206 791 7
221 731 278 792 oue
293 709 568 796 praestantissimus.
595 707 704 790 ,Quid
728 710 826 808 eigo?
853 709 935 774 non‘l
959 709 1001 772 est
1019 707 1167 810 qluaedani
1183 709 1252 774 elo-

220 796 353 881 quentia
372 795 485 883 majm,
501 817 596 882 quam
620 809 747 858 nterim
764 791 930 859 intelleslu
952 793 1102 880 consequi
1122 797 1252 881 puerilis

220 881 389 946 infirmitas
403 880 518 967 poffit‘?
566 883 637 966 Ego
651 902 726 944 vero
741 880 893 944 confiteor
906 905 914 943 ε
938 880 989 944 sed
1004 879 1091 943 huuc
1102 879 1252 946 disertum

220 982 462 1051 praeeeptorein,
484 965 672 1052 prudentem
697 989 838 1052 quoque,
861 979 895 1029 et
914 981 998 1028 riorie
1022 965 1168 1050 ignarum
1189 965 1252 1030 do·
1295 981 1297 988 ’

221 1051 328 1129 cendi,
345 1051 405 1118 effe
426 1051 602 1138 oportebit,
620 1050 857 1116 submittentem
876 1052 907 1115 se
931 1051 971 1114 ad
991 1049 1169 1114 mensuram
1188 1051 1252 1114 dis·

223 1137 347 1200 centis:
376 1157 424 1201 ur
441 1136 651 1200 velocissimus
666 1137 843 1222 quisque,s1
860 1135 941 1200 forte
957 1137 1015 1200 iter
1027 1157 1100 1200 cuin
1124 1135 1255 1221 parvulo

222 1220 330 1300 faciat,
346 1223 402 1288 det
417 1244 560 1299 manum,
574 1234 607 1284 et
662 1221 759 1284 adum
775 1223 865 1285 suum
880 1222 1015 1300 minuat,
1032 1241 1090 1284 nec
1105 1221 1256 1306 procEdat
1269 1264 1357 1272 vm

189 1304 211 1368 8
224 1305 318 1384 ultra,
334 1331 431 1394 quam
447 1329 555 1372 comes
568 1243 670 1392 polsi.
704 1306 817 1372 Quid?
842 1307 861 1368 si
877 1307 1061 1392 plerumque
1074 1299 1203 1386 aedidit,
1217 1321 1257 1374 ut

224 1392 369 1476 faciliora
383 1393 441 1456 fint
454 1393 496 1456 ad
511 1390 771 1478 intelligendum,
788 1404 822 1456 et
843 1391 998 1456 lucidiora
1019 1391 1133 1468 multo,
1149 1417 1221 1479 quae
1234 1416 1257 1457 a

223 1477 403 1542 doctissimo
419 1499 548 1624 quorpue
563 1477 739 1540 dicuntur?
764 1479 849 1540 Nam
871 1489 905 1540 et
922 1477 1023 1575 prima
1044 1478 1085 1540 esl
1101 1476 1256 1564 eloquen-

225 1557 280 1627 tiae
306 1564 417 1641 virtus,
434 1584 474 1649 pe
502 1561 649 1648 picuitas,
665 1575 709 1640 et,
729 1583 809 1626 ouo
833 1562 905 1648 quis
929 1561 1059 1650 ingenio
1081 1561 1187 1626 minus
1202 1584 1258 1626 va·

226 1646 284 1726 let,
298 1647 361 1712 boe
375 1649 406 1712 se
431 1647 535 1733 magis
550 1647 695 1710 attollere
710 1647 765 1710 etf
789 1647 920 1712 dilatare
943 1661 1094 1712 conatur:
1122 1669 1171 1712 ur
1196 1649 1273 1712 sla·v
1295 1694 1317 1742 ,l
1335 1675 1351 1738 s,
1381 1688 1411 1734 s,

228 1745 300 1798 tura
312 1735 436 1811 breves,
450 1733 485 1796 in
500 1731 532 1796 di
558 1731 619 1796 ‘tos
634 1731 811 1818 eriguntur,
827 1746 860 1796 et
882 1733 973 1818 plura
992 1731 1108 1796 infirmi
1130 1733 1257 1808 minau-
1346 1776 1349 1780 -
1379 1735 1385 1746 ‘

193 1829 292 1903 9tur.
338 1819 424 1884 Nam
446 1817 529 1882 tumi
552 1815 599 1894 os,
623 1831 656 1882 et
677 1831 852 1904 corruptos,
875 1831 909 1881 et
938 1817 1091 1895 tinnulos,
1114 1831 1148 1882 et
1173 1841 1258 1904 quo·

229 1925 367 1990 cumque
390 1904 453 1967 alio
473 1903 641 1966 cacozeliae
663 1926 781 1989 genere
801 1913 980 1988 peccantes,
996 1920 1118 1966 certum
1142 1903 1256 1984 babeo,

229 2011 295 2052 non
319 1987 447 2068 virium,
463 1985 515 2052 sed
534 1987 726 2052 infirmitatis
749 1989 828 2051 vitio
853 1989 1018 2052 laborare:
1054 2008 1102 2052 ur
1127 2011 1182 2052 eoi
1272 2047 1275 2056 .

229 2069 296 2138 n'on
311 2075 436 2154 robore,
451 2071 503 2136 sed
518 2072 699 2137 valetudine
713 2067 883 2152 inflantur,
908 2086 941 2158 et
961 2071 1047 2136 recto
1061 2011 1261 2161 itinerelipflf

230 2158 275 2222 sig
313 2157 675 2246 lerumquedevertuiit.
719 2159 790 2222 Erit
803 2181 882 2256 ergo
897 2157 1056 2222 obscurior
1070 2159 1177 2238 etiam,
1217 2183 1342 2224 uri-*-

178 2261 219 2310 10
230 2183 363 2332 quisbue
378 2243 524 2308 deterior.
551 2245 629 2306 Nori
646 2242 764 2308 excidit
778 2245 870 2324 mibi,
886 2241 1027 2330 scripsisse
1042 2245 1115 2330 meh
1132 2245 1164 2308 in
1177 2184 1260 2312 libro

230 2329 346 2418 priore,
373 2352 448 2394 curn
470 2327 626 2415 potiorem
653 2328 684 2390 in
707 2327 821 2392 scholis
843 2329 1057 2394 eruditionem
1079 2329 1149 2409 esse,
1163 2353 1262 2418 quam

229 2407 332 2494 domi,
348 2414 499 2492 dicerem,
514 2413 669 2478 libentius
684 2414 714 2478 se
741 2414 842 2512 prima
857 2413 956 2480 studia
975 2411 1163 2501 tenerosque
1184 2437 1260 2501 pro-

231 2501 335 2566 feslus
361 2499 402 2564 ad
424 2497 636 2563 imitationem
661 2499 959 2585 condiscipulorum,
973 2521 1046 2584 quae
1066 2499 1188 2565 facilior
1211 2501 1261 2566 es·

231 2587 289 2664 set,
312 2585 454 2672 erigere:
488 2584 576 2670 quod
600 2606 619 2646 a
643 2583 832 2670 quibusdam
858 2585 898 2650 sic
917 2585 1017 2672 accipi
1039 2589 1149 2683 potest,
1177 2600 1245 2650 tam

256 2693 331 2735 uam
346 2671 426 2749 haec,
440 2692 536 2756 quam
553 2691 638 2734 nunc
664 2684 766 2748 tueor,
783 2670 937 2734 sententia
957 2669 1051 2756 priori
1073 2669 1193 2735 diversa
1212 2672 1262 2738 fit.

183 2773 219 2821 11
233 2696 275 2820 sd
299 2777 318 2818 a
344 2777 396 2818 nie
417 2755 529 2840 procul
550 2755 676 2818 aberit:
704 2777 845 2842 namque
868 2779 906 2822 ea
926 2755 1028 2830 caussa
1052 2757 1102 2820 vel
1122 2757 1263 2824 maxima

237 2840 292 2920 esl,
323 2861 380 2902 cur
406 2837 530 2924 optimo
559 2839 676 2926 cuique
694 2841 888 2926 praeceptori
913 2841 949 2905 sit
975 2840 1145 2906 tradendus
1172 2865 1263 2927 puer,

236 2924 326 3011 quod
341 2924 426 3011 apud
441 2945 514 2988 eum
530 2923 674 3011 discipuli
693 2948 822 3025 quoque
836 2925 952 2992 melius
974 2925 1118 3006 instituti,
1135 2939 1192 2992 aut
1211 2927 1277 3012 di-¹

235 3023 322 3089 cent,
337 3009 423 3095 quod
437 3006 551 3072 inutile
566 3032 628 3072 nori
645 3011 684 3076 sit
702 3011 817 3076 imitari
831 3036 840 3088 ;
864 3025 920 3076 aut
942 3012 962 3074 si
986 3011 1063 3135 (puid
1083 3013 1281 3094 erraverint,¹

236 3095 336 3159 statim
356 3094 577 3182 corrigentur:
602 3108 636 3159 at
654 3095 799 3161 indoctus
815 3093 869 3161 ille
889 3097 985 3162 etiam
1029 3098 1178 3185 probabit
1198 3097 1265 3164 for·

269 3300 360 3348 “nuni
373 3301 404 3350 G.
478 3304 557 3346 ‘riori
567 3315 610 3346 om.
623 3299 653 3348 G.
665 3265 755 3368 mule..
795 3295 898 3362 fquarn
910 3301 941 3348 G.
1006 3287 1266 3368 tramitemque

238 3373 275 3426 ap.
288 3367 366 3413 Burni.
431 3364 443 3395 ¹
461 3382 505 3412 om.
516 3365 548 3411 G.
561 3369 624 3411 recle.
690 3371 696 3393 ¹
715 3375 738 3411 et
750 3364 781 3412 G.

1278 3489 1283 3511 l

274 3545 302 3594 9.
319 3525 564 3596 relinitinerelapsi]
582 3527 732 3580 Blandieba-
781 3525 847 3576 haud
884 3545 969 3588 unuin,
997 3545 1103 3596 quorum
1133 3519 1268 3598 longiffima
1344 3527 1347 3532 ’

240 3604 282 3646 tur
294 3596 366 3647 initio
383 3597 443 3648 illud
455 3596 515 3660 laffl.
547 3597 650 3648 Certum
666 3598 732 3648 enirn
781 3612 886 3664 queque
906 3599 993 3648 concio
1014 3595 1068 3649 esset
1092 3598 1267 3662 absurdissima,

240 3667 284 3725 est,
296 3667 341 3734 qui
357 3665 411 3730 laffi
425 3665 568 3725 suntavia²
580 3665 732 3717 eoedeverti
780 3682 838 3716 cuin
867 3665 1024 3736 extemporali
1053 3666 1153 3719 levitate
1187 3667 1269 3722 confisi

241 3733 314 3786 solere
326 3737 416 3803 quietis
428 3735 517 3788 caussa.
549 3736 595 3786 Sed
614 3737 732 3788 attentius
781 3735 872 3803 semper
883 3750 1018 3804 quaererent
1031 3753 1080 3806 quo
1093 3737 1108 3788 si
1128 3755 1175 3788 non
1197 3741 1268 3791 audi-

242 3803 542 3857 conliderantividebatiir
558 3805 620 3857 nihil
633 3817 732 3856 mutan·
781 3807 890 3867 toribus,
902 3805 945 3857 tibi
958 3819 1021 3857 certe
1039 3805 1217 3860 satisfacerent:
1238 3811 1270 3861 ii·

241 3873 313 3924 dum.
334 3873 407 3927 Reelo
418 3873 505 3927 itinere
515 3873 583 3943 Iapfi,
597 3875 623 3926 li.
637 3893 658 3925 e.
672 3877 732 3943 quia
780 3875 837 3925 dein
848 3875 1033 3936 tolerabiliores,
1050 3877 1148 3944 quoties
1161 3879 1286 3946 cogitata¹

243 3958 259 3994 a
279 3946 320 3994 via
339 3945 408 4013 regia
428 3962 576 4014 quacunque
599 3945 629 3996 de
653 3943 733 3996 caussa
782 3955 847 4004 ante,
860 3957 884 3996 et
902 3947 1012 3996 breviora
1030 3945 1055 3996 in
1073 3945 1216 4015 suggestum
1228 3949 1272 4000 ad-

243 4011 398 4075 aberrrirunt,
411 4013 512 4066 deverti
523 4013 617 4084 stilent:
638 4025 663 4065 et
674 4015 732 4064 doc·
782 4013 882 4065 ferrent.

245 4091 310 4136 tores
330 4081 377 4143 illi,
388 4084 432 4151 qui
453 4083 520 4154 quod
540 4083 571 4135 ad
589 4102 640 4135 reni
658 4085 733 4152 perti-
821 4101 863 4136 io.
892 4082 952 4135 libro
971 4083 1066 4152 priore]
1098 4085 1176 4156 Supra
1199 4105 1224 4148 i,
1244 4105 1272 4152 ι,

246 4159 297 4211 net,
309 4167 358 4203 non
368 4153 505 4214 inveniunt,
517 4163 633 4224 quaerunt
650 4160 733 4204 dever-
784 4156 828 4204 26.
982 4155 984 4160 '

245 4218 347 4298 cicuta„
360 4289 364 4294 Ι
379 4221 446 4277 Nori
468 4240 516 4294 ego
538 4225 734 4276 concionatorem
748 4281 751 4290 Δ
