3022 4920
267 405 309 484 9⁶
459 375 464 390 ’
501 357 1060 472 M.ra'1311ttttthT1t1AN1

267 592 341 658 que,
368 593 443 636 eum
473 583 629 638 nontam
657 571 808 638 insertum
821 571 844 654 f,
871 597 966 660 quam
996 573 1207 662 applicitum
1245 574 1350 648 velat

265 656 354 744 quod
376 655 530 720 diffimilis
554 659 596 720 est
621 655 747 738 ceteris,¹
764 660 814 724 vel
838 659 925 746 quod
947 659 1136 747 plerumque
1161 659 1296 725 assumit

265 745 362 808 etiam
377 763 485 829 parum
497 741 574 828 'apte
588 741 676 822 solet,
693 767 757 808 non
774 745 850 834 quia
863 743 1066 824 desideratur,
1082 745 1134 810 sed
1149 745 1224 832 quia
1238 767 1295 833 pa-

265 843 353 894 ratus
378 827 440 892 est:
476 840 513 890 ut
536 828 668 914 quidam
692 829 918 894 sententiarum
942 831 1047 916 gratia
1069 831 1295 896 verbofiffimos

265 914 355 978 locos
370 911 536 990 arcessunt,
552 933 626 978 cum
642 937 682 978 ex
703 913 781 979 locis
795 914 910 978 debeat
932 915 1014 978 nasci
1036 915 1201 980 sententia.
1247 917 1352 988 ltaaa

265 999 338 1062 funt
363 1011 470 1062 autern
493 997 628 1083 speciosa
650 999 720 1063 haec
745 1013 778 1062 et
798 999 938 1077 utilia,s1
958 1001 1105 1064 oriuntur
1124 1022 1163 1064 ex
1180 1001 1299 1067 caussa.¹

266 1085 419 1150 ceterum
450 1083 626 1169 quamlibet
649 1083 787 1170 pulchra
815 1084 949 1162 locutio,
977 1084 1032 1148 nifi
1061 1085 1100 1150 ad
1130 1085 1297 1152 victoriam

266 1169 383 1248 tendit,
398 1149 512 1263 utique
530 1167 729 1254 supervacua,
745 1167 798 1234 sed
818 1169 944 1233 interim
960 1170 1056 1234 etiarn
1071 1171 1226 1235 contraria
1241 1173 1295 1256 est.

192 1296 207 1372 ζ
214 1255 387 1349 arvorum
404 1254 558 1318 haetenus
571 1254 697 1341 evagari
713 1255 784 1317 satis
799 1253 921 1318 fuerit..
952 1253 1067 1342 Legum
1083 1257 1150 1320 laus
1164 1269 1197 1320 et
1210 1257 1296 1321 vita·
1308 1259 1351 1327 33

253 1352 257 1362 ‘
265 1338 380 1430 paratio
398 1339 466 1431 jam
491 1337 638 1424 majores,
654 1361 691 1402 ac
714 1361 812 1426 prope
834 1339 966 1403 summis
981 1342 1131 1426 operibus
1146 1342 1296 1407 suffetiu-

267 1448 330 1506 m,
347 1425 429 1490 vires
444 1423 618 1488 defiderant
630 1425 665 1486 ¹¹:
689 1448 762 1511 quae
785 1423 916 1512 quidem
939 1423 1082 1491 suasoriis
1102 1427 1207 1512 magis
1218 1426 1239 1504 ⁵,
1256 1449 1297 1492 aa

266 1509 483 1576 controverfiis
497 1511 739 1573 accommodata
753 1509 789 1574 srt
809 1509 1005 1590 exercitatio,
1021 1511 1249 1576 consuetudine
1263 1525 1299 1578 et

261 1595 337 1684 jure
352 1593 554 1660 eivitatiumk
573 1594 697 1659 differt:
731 1595 815 1682 apud
841 1596 972 1660 Graecos
990 1597 1077 1660 enim
1092 1595 1176 1660 lator
1189 1619 1298 1663 earum

244 1681 249 1690 “
266 1681 307 1746 ad
322 1679 458 1744 ‘udicern
476 1680 669 1744 vocabatur:
694 1679 847 1744 Romanis
869 1703 926 1766 pro
947 1675 1103 1745 concione
1115 1681 1245 1746 suadere
1259 1705 1298 1748 ae

243 1705 439 1830 'diiuadere
461 1765 559 1827 moris
581 1763 656 1829 fuit.
700 1765 849 1850 Utroque
872 1779 979 1829 autem
1002 1767 1100 1830 modo
1126 1789 1227 1852 pauca
1256 1768 1298 1833 de

266 1851 332 1932 his,
345 1864 380 1916 et
394 1850 458 1912 fere
473 1864 558 1912 certa
573 1849 735 1914 dicuntur.
779 1851 863 1914 Nam
880 1865 913 1914 et
951 1873 1044 1914 encra
1057 1851 1128 1914 sunt
1151 1853 1221 1930 tria,
1234 1855 1295 1938 sa-

267 1938 321 2014 eri,
343 1935 465 2023 publici,
478 1935 595 2020 privati
608 1937 705 2022 juris.
751 1937 835 2000 Quae
854 1875 963 1998 divisio
983 1936 1023 2000 ad
1043 1935 1173 1999 laudem
1192 1937 1295 2024 magis
1307 1940 1353 2009 34

267 2019 398 2106 speeint,
420 2019 533 2106 siquis
559 2044 628 2084 eam
652 2044 707 2107 per
730 2021 851 2110 gradus
874 2034 1002 2106 augeat,
1018 2021 1105 2106 quod
1131 2021 1191 2100 lex,
1207 2023 1296 2107 quod

262 2107 395 2195 publico,
412 2105 499 2192 qued
514 2108 556 2169 ad
565 2109 571 2144 ¹
589 2105 758 2194 religionem
774 2108 859 2168 deum
873 2119 1042 2192 comparata
1055 2107 1112 2190 stt.
1156 2109 1203 2172 Ea
1221 2107 1294 2194 qui-

267 2193 355 2272 dem,
378 2193 418 2254 de
441 2191 559 2276 quibus
578 2193 676 2276 quari
703 2191 791 2269 solet,
813 2191 997 2254 communia
1018 2192 1182 2256 omnibus.
1226 2193 1351 2267 Aut35

266 2277 352 2340 enim
368 2276 410 2340 de
428 2275 501 2362 jure
520 2276 658 2340 dubitari
674 2278 774 2363 potest
789 2276 867 2362 ejus,
883 2277 1048 2363 perrogat,
1064 2290 1102 2340 ut
1116 2279 1152 2341 de
1167 2280 1206 2340 P.
1225 2280 1295 2343 Clo-

266 2363 323 2442 dii,
338 2363 392 2450 qui
404 2385 461 2425 non
474 2362 532 2424 rite
546 2375 660 2426 creatus
682 2361 816 2424 tribanos
831 2361 1040 2448 arguebatur:
1063 2375 1120 2426 aut
1141 2362 1182 2427 de
1202 2362 1298 2450 ipfius

265 2447 455 2533 rogationis,
471 2447 560 2532 quod
582 2449 625 2510 est
645 2447 778 2522 varium,
792 2447 863 2530 five
883 2471 941 2510 non
964 2447 1041 2510 trino
1053 2446 1140 2532 forte
1163 2451 1324 2513 noredino·

263 2532 466 2622 promulgato,
482 2533 553 2616 sive
566 2557 625 2595 non
640 2533 737 2596 idoneo
752 2531 886 2678 diapive
899 2543 997 2595 contro
1012 2530 1230 2618 intercqffionas,
1245 2533 1299 2597 vel

243 2619 408 2704 auspicia,
431 2617 554 2680 aliudve
579 2619 663 2704 qnid,
686 2617 789 2715 quode
826 2617 952 2702 egitimis
978 2617 1074 2764 opstat,
1091 2618 1210 2682 dicitur
1232 2618 1297 2683 lata

58 2697 102 2764 Are
122 2680 228 2768 force
267 2703 340 2780 effe,
366 2703 417 2766 vel
441 2702 537 2780 ferri3
571 2703 631 2766 five
654 2703 745 2766 alicui
769 2701 966 2766 manentium
1005 2727 1091 2788 egum
1116 2717 1294 2790 repugnare.

110 2772 126 2821 ff
268 2789 334 2854 Sed
358 2788 429 2852 haec
455 2786 505 2850 ad·
519 2787 589 2851 illas
613 2789 730 2874 primas
755 2788 996 2850 exercitationes
1021 2810 1084 2850 non
1109 2789 1270 2874 pertinent
1285 2814 1293 2853 r
1306 2777 1352 2864 36

266 2897 340 2938 nam
369 2873 440 2937 sunt
465 2872 516 2936 hae
542 2873 621 2936 citra
641 2872 842 2957 complexum
864 2873 1077 2958 personarum,
1100 2887 1294 2960 temporum,

244 2963 246 2970 ’
267 2959 453 3022 cauffarum.
499 2958 634 3044 Reliqua
655 2959 765 3022 eadem
788 2957 854 3020 fere
875 2979 949 3020 vero
963 2957 1100 3044 fictoque
1114 2957 1295 3044 hujusmodi

267 3043 439 3108 certamine
454 3043 636 3108 tractantur.
681 3047 768 3108 Nam
790 3042 906 3106 vitium
927 3055 982 3105 aut
1000 3043 1041 3104 ins
1053 3041 1153 3105 verbis
1167 3045 1221 3121 est,
1238 3055 1295 3108 aut

268 3130 300 3192 in
314 3130 410 3192 rebar.
455 3131 492 3192 ln
508 3129 611 3192 verbis
626 3130 789 3216 quaeritur,
806 3127 859 3192 An
872 3127 953 3214 sotis
965 3126 1174 3212 figniflcent?
1194 3152 1235 3190 an
1248 3129 1348 3212 stt37
1424 3157 1427 3188 ι

269 3214 301 3281 in
315 3215 360 3277 his
375 3214 493 3298 aliquid
505 3215 673 3301 ambignum
689 3217 707 3278 ,Ρ
727 3217 763 3278 In
778 3213 885 3290 rebus,
902 3213 957 3274 An
971 3212 1085 3296 lexfibi
1098 3212 1161 3298 ipso
1176 3214 1294 3298 consen·

245 3319 250 3336 ¹
269 3301 354 3362 tint?
378 3301 434 3365 An
450 3301 481 3362 in
498 3300 683 3386 praeteritum
694 3311 707 3339 ¹¹
719 3298 805 3386 ferri
819 3298 934 3376 debeat,
950 3321 991 3360 nn
1006 3298 1038 3360 in
1049 3296 1187 3384 fingulos
1201 3299 1295 3364 homi-

301 3481 448 3533 'incertum
460 3486 491 3533 G.
556 3485 646 3533 ‘affui
664 3487 808 3548 eonj.Bnmr.
874 3483 1018 3532 hdesideret
1034 3483 1098 3532 Jens.
1163 3481 1218 3532 iac
1236 3499 1296 3532 con-

269 3551 383 3598 rroversris
394 3553 470 3611 magis
481 3551 512 3598 G.
578 3550 736 3598 ¹‘civitatum
754 3551 784 3598 G.
793 3549 856 3597 Jens.
921 3549 971 3595 ¹irr
984 3549 1015 3596 G.
1081 3559 1098 3585 [ἢ
1114 3549 1173 3609 quid
1188 3549 1297 3610 legitime

269 3613 301 3663 G.
366 3625 380 3652 ἢ
395 3615 435 3662 Sic
447 3616 520 3664 MSS.
531 3627 553 3662 et
562 3615 626 3662 edin.
638 3626 695 3663 vett.
707 3615 826 3678 populum
837 3617 866 3678 est
876 3633 888 3662 e
898 3614 1019 3676 conjectura
1033 3612 1166 3661 Camerarii.

306 3795 349 3843 35.
367 3778 397 3828 de
409 3778 439 3829 P.
454 3777 542 3842 Clodii]
563 3778 648 3846 Caput
665 3776 711 3827 hoc
723 3775 757 3828 est
782 3777 784 3780 ’
805 3775 920 3842 injuriam
932 3774 1045 3846 expulsus
1057 3773 1121 3826 ess'et.

268 3859 294 3899 et
311 3849 405 3898 titrnma
420 3848 550 3907 oratione,
563 3863 639 3915 quam
656 3863 701 3915 pro
711 3846 756 3896 do·
844 3863 885 3910 37.
914 3844 941 3896 in
965 3842 1130 3913 preteritum]
1167 3842 1295 3898 Revocavi

268 3935 311 3968 mo
333 3917 374 3968 sua
397 3917 485 3968 habuit
508 3917 605 3968 Cicero.
636 3918 669 3966 Et
692 3928 757 3977 ante,
806 3913 944 3975 lectionem,
967 3931 1041 3981 quam
1064 3930 1122 3964 cum
1149 3913 1295 3975 conjectura

268 4005 326 4038 curn
338 3987 369 4037 de
385 3985 522 4038 revocando
539 3987 656 4039 Cicerone
674 4001 757 4054 agere-
806 3985 855 4036 suae
867 3985 949 4035 cedere
964 3983 1071 4048 juberet,
1084 3981 1152 4034 aliud
1168 3981 1239 4049 egisse
1254 3983 1295 4035 vi·

266 4069 319 4115 tur,
332 4055 460 4124 quaesnum
472 4055 514 4116 est,
526 4071 618 4107 novane
630 4053 683 4124 lege
694 4072 757 4122 opus
805 4054 878 4104 detur
888 4051 1038 4104 doctissimus
1051 4052 1218 4104 Camerarius.
1254 4053 1295 4104 De

268 4125 323 4178 esset
341 4127 372 4176 ad
391 4143 445 4176 earn
465 4143 525 4186 rem,
547 4141 578 4176 an
601 4125 685 4194 potius
702 4126 757 4188 jure
806 4123 947 4190 ecquidem
958 4139 1086 4188 nunquam
1096 4121 1239 4172 dubitatum
1251 4120 1295 4182 est,

267 4195 311 4246 suo
328 4196 418 4246 rediret
436 4194 551 4256 Tullius,
564 4195 608 4262 qui
626 4211 675 4244 non
693 4192 755 4262 lege,
805 4209 836 4244 an
847 4191 873 4243 in
881 4191 993 4262 populum
1001 4189 1059 4244 ferri
1071 4189 1110 4242 lex
1118 4189 1221 4242 debeata
1234 4207 1295 4243 cum

267 4283 324 4336 quae
344 4264 413 4317 nulla
433 4261 523 4326 fuisset,
542 4265 581 4316 sed
602 4263 713 4333 pervim
732 4275 757 4316 et
806 4263 859 4316 haec
870 4262 971 4316 demum
985 4278 1039 4315 rara
1050 4259 1075 4316 et'
1085 4261 1182 4335 proprie
1194 4263 1230 4314 ita
1239 4259 1295 4312 dic·
