3022 4920
426 405 592 465 INSTIT.
620 405 822 464 ORATOR.
850 405 933 463 ΜΒ.
955 404 996 464 11.
1025 422 1071 464 12.
1221 417 1276 482 τις

232 565 404 632 detrahit:
428 580 524 654 atque
539 590 578 632 eo
592 567 657 632 solo
668 569 779 632 minus
797 567 852 646 est,
867 566 982 653 quodss
1003 567 1103 632 literee
1117 565 1275 652 perpolie-

209 657 355 738 9runtl,
371 677 435 742 quo
450 653 578 718 melius.
623 656 743 719 Verum
761 653 794 716 hi
813 653 1071 740 pronuntiatione
1085 673 1212 738 quoque
1227 652 1275 716 sa-

242 761 328 802 mam
344 740 471 803 dicendi
494 739 607 804 fortius
622 752 781 825 quierunt.
825 741 909 803 Nam
933 752 966 802 et
980 738 1121 802 clament
1142 739 1274 824 ubique,

242 839 275 888 et
296 826 406 888 omnia
423 824 526 888 levata
549 830 600 907 (ut
624 825 676 910 ipsi
702 826 828 903 vocant)
854 849 955 902 menn,
971 825 1154 912 emugiunt,
1171 823 1275 888 multo

242 909 392 988 discursu,
408 911 566 988 anhelitu,
583 911 759 997 jedatione
771 910 791 986 ³,
808 912 908 997 gest-u,
925 924 1018 974 motu
1036 911 1148 996 capitis
1162 908 1273 972 furen-

188 1011 227 1054 10
242 1009 300 1060 tec.
345 999 416 1060 Jnm
436 997 586 1060 collidere
601 1016 727 1073 manus,
744 1009 835 1058 terrae
851 996 964 1081 pedem
987 996 1141 1074 incutere,
1158 995 1274 1074 femur,

240 1083 362 1166 peetus,
379 1082 516 1146 frontem
532 1082 666 1159 caedere,
683 1083 762 1144 mire
776 1081 816 1145 ad
833 1082 989 1167 pullatum
1005 1082 1159 1144 circulum
1176 1081 1271 1144 sacit:

240 1188 314 1230 cum
339 1167 393 1231 ille
408 1168 564 1246 eruditur,
580 1181 617 1230 ut
638 1168 671 1230 in
689 1168 831 1230 oratione
854 1167 956 1230 multa
977 1167 1174 1245 submittere,
1191 1166 1274 1230 vari·

239 1273 303 1330 are,
332 1252 507 1338 disponere,
532 1253 577 1316 ita
600 1253 696 1315 etiam
722 1253 755 1315 in
781 1252 1017 1338 pronuntiando
1040 1253 1129 1316 sirum
1157 1251 1274 1338 cuique
1332 1253 1335 1257 ’

239 1358 361 1415 eorum,
379 1361 453 1424 quae
467 1337 565 1416 dicet,
581 1337 680 1402 colori
696 1338 938 1404 accommodare
953 1340 1060 1402 cetum
1077 1337 1170 1400 scint:
1196 1351 1229 1400 et
1252 1339 1273 1400 fi

239 1423 315 1508 quid
340 1425 376 1486 sit
396 1427 550 1509 perpetua
570 1423 787 1486 observatione
807 1423 955 1510 dignum,
972 1423 1131 1486 modestus
1146 1436 1179 1486 et
1200 1421 1272 1503 else,

187 1522 222 1565 11
239 1520 272 1570 et
286 1508 385 1570 videri
401 1509 502 1572 malit.
540 1509 587 1572 At
601 1509 646 1571 illi
661 1508 743 1572 hanc
756 1508 819 1571 vim
835 1507 1004 1594 appellant,
1021 1531 1092 1594 quae
1108 1509 1150 1570 est
1165 1509 1273 1593 potius

239 1593 399 1657 violentia:
416 1617 489 1657 curn
506 1593 634 1657 interim
650 1617 713 1658 non
729 1594 849 1658 actores
865 1593 962 1656 modo
977 1591 1100 1679 aliquos
1115 1593 1270 1672 invenias,
1289 1629 1294 1638 ·

238 1678 290 1750 sed
310 1680 408 1763 (quod
423 1682 466 1742 est
480 1679 617 1765 turpius)
636 1694 845 1765 praeceptores
867 1679 975 1758 etiam,
992 1680 1049 1764 qui
1071 1681 1199 1742 brevem
1211 1679 1270 1742 .di·

238 1765 332 1828 cendi
354 1765 616 1829 exercitationem
644 1764 816 1844 consecuti,
841 1763 949 1834 omissa
971 1763 1103 1846 ratione,
1133 1777 1170 1828 ut
1196 1764 1272 1828 tulit

237 1847 387 1946 impetun,
402 1851 507 1934 paffim
524 1849 771 1928 tumultuentur,
786 1849 911 1934 eosque,
925 1850 979 1934 qui
997 1847 1069 1935 plus
1084 1851 1214 1912 honoris
1229 1851 1270 1914 li-

236 1946 312 1998 teris
326 1937 519 2012 tribuerunt,
535 1943 585 1999 et¹
600 1935 737 2020 ineptos,
754 1935 935 2022 etjcjunos‚
953 1948 985 1997 et
1000 1935 1152 2020 trepidos,
1169 1949 1202 1998 et
1218 1935 1269 2000 iu·

235 2019 355 2098 firmOS,
370 2034 408 2085 ut
430 2021 581 2108 quodque
598 2015 729 2084 verbum
753 2019 1098 2083 contumeliosissimum
1110 2037 1131 2062 ¹¹¹
1154 2043 1269 2084 occur-

183 2103 286 2184 rerit,
307 2129 347 2192 ap
388 2106 476 2170 llent.
522 2108 643 2169 Verum
667 2103 730 2168 illis
753 2105 882 2189 quidem
906 2103 1116 2192 gratulemur,
1135 2104 1198 2170 fine
1220 2106 1267 2170 la-

233 2189 323 2268 bore,
350 2215 402 2255 rne
424 2191 558 2269 ratione,
574 2191 636 2253 fine
658 2188 821 2276 disciplina
835 2190 976 2254 disertis:
1001 2213 1060 2253 nos
1082 2191 1211 2277 quaudo
1235 2206 1269 2256 et

232 2277 438 2362 praecipiendi
455 2298 572 2340 munus
586 2276 708 2339 etiamn
731 2275 853 2362 pridem
870 2275 1030 2362 deprecati
1051 2277 1169 2356 sumus,
1185 2276 1267 2341 etin

232 2359 302 2425 foro
328 2385 458 2466 quoqpe
481 2361 620 2438 dicendi,
641 2361 717 2446 quia
742 2361 985 2424 horressislirnnm
1012 2361 1106 2425 finem
1132 2363 1266 2447 putabit*-

231 2469 317 2526 muS‚
337 2447 473 2511 definere
496 2447 573 2510 dum
596 2445 852 2524 desderaremur,
868 2446 1059 2530 inquirendo
1083 2435 1266 2512 scribendo-

230 2555 295 2617 que
311 2533 387 2597 talia
401 2532 599 2598 consolemur
620 2532 722 2594 otium
740 2531 890 2608 nostrum,
907 2555 978 2617 quoe
1001 2531 1107 2594 sutura
1121 2531 1189 2595 usui
1205 2535 1265 2596 bo-

231 2640 281 2680 nae
296 2619 415 2682 mentis
430 2618 604 2705 juvenibus
625 2617 827 2695 arbitramur,
844 2617 936 2680 uobis
957 2630 1043 2680 certe
1065 2617 1136 2680 sunt
1151 2619 1266 2705 volup-

230 2704 300 2768 tati.
889 2731 890 2736 *
1116 2759 1119 2769 ,
1242 2749 1246 2764 .

272 2791 367 2853 ΧΙΙΙ.
395 2791 515 2874 (XIV.)
541 2790 650 2852 Nemo
673 2799 779 2850 autem
794 2810 813 2852 a
828 2785 1007 2874 meexigat
1029 2779 1063 2850 id
1086 2799 1263 2874 praecepto-

229 2897 300 2938 rum
315 2897 433 2962 genus,
472 2874 536 2938 uod
552 2875 594 2938 est
609 2897 628 2936 a
641 2872 795 2958 plerisque
811 2869 1012 2957 scriptoribus
1027 2872 1143 2936 artium
1164 2875 1263 2940 tradi·

228 2973 310 3040 tum,
327 2974 363 3024 ut
386 2899 470 3047 quali
486 2959 635 3046 quasdam
658 2957 747 3044 leges
770 2956 966 3022 immutabili
988 2957 1167 3024 necessitate
1181 2981 1262 3024 con-

260 3182 436 3246 *quideminjss
448 3181 479 3229 G.
546 3181 716 3244 tpraepotiunt
728 3181 758 3228 G.
808 3175 956 3239 *jactatione
967 3181 1044 3242 gestus
1056 3177 1087 3228 G.
1155 3179 1214 3229 ¹om.
1228 3181 1259 3230 G.

227 3251 245 3276 ¹
265 3247 469 3294 contumeliosum
482 3247 512 3293 G.
579 3247 598 3277 ”'
607 3248 659 3305 jam
670 3247 701 3294 G.

264 3480 305 3512 10.
320 3461 443 3530 pullatum
454 3456 581 3522 circulum]
600 3459 715 3512 Circum-
765 3459 849 3510 haberi
862 3455 942 3524 rupit.

225 3530 326 3582 stantem
349 3533 448 3584 turbam
467 3529 610 3589 humatum,
627 3529 715 3582 horum
804 3547 843 3580 12.
863 3523 1034 3592 definerednm
1049 3523 1255 3593 desuleraremur]

225 3602 290 3651 enim
314 3613 381 3654 erant
403 3599 478 3669 pullae
500 3601 601 3658 tunicae,
622 3617 671 3666 qua
691 3617 716 3652 re
765 3598 859 3648 Contra
871 3613 947 3666 quam
959 3596 1050 3645 accidit
1064 3599 1087 3646 in
1101 3595 1166 3646 ludis
1178 3597 1255 3648 Pom·

225 3671 296 3722 Verri
316 3672 356 3738 (4,
370 3670 427 3736 24.)
446 3671 509 3720 vitio
521 3669 595 3719 vertit
615 3671 713 3732 Cicero,
764 3669 822 3737 peti,
835 3667 865 3716 de
882 3665 976 3733 quibus
989 3665 1045 3715 etc,
1060 3667 1088 3715 nd
1103 3665 1214 3716 Marium
1228 3683 1255 3732 7,

224 3741 291 3808 quod
302 3743 327 3792 in
339 3739 437 3791 officina
448 3739 568 3790 caelatoris
581 3755 633 3788 curn
648 3739 713 3790 tuni·
766 3757 789 3788 1.
811 3736 894 3806 Ncstcr
906 3735 1008 3802 AEstrpus
1025 3733 1138 3803 ejusmodi
1146 3734 1211 3798 ficit,
1226 3745 1254 3785 ut

223 3825 254 3858 ca
263 3809 332 3876 pulla
343 3810 461 3878 majorem
468 3817 567 3877 purtem
575 3808 624 3858 diei
627 3809 715 3876 ftrsere
759 3807 786 3858 ei
793 3806 896 3872 definere
903 3813 949 3872 per
957 3820 1035 3853 omncs
1043 3803 1147 3854 homines
1154 3803 1251 3855 liceret:

214 3877 314 3948 fileret.
653 3871 657 3878 “
763 3889 788 3928 et
806 3875 850 3926 lirb
869 3873 912 3924 sin.
927 3871 1086 3940 Qodſstam
1095 3871 1200 3938 facilem
1208 3881 1253 3940 po-

266 3968 309 4000 10.
330 3957 448 4017 perpetua
470 3945 638 4018 observatione
660 3947 713 4020 dig-
758 3944 843 4014 pulum
861 3937 984 4001 iacerem,
991 3957 1071 4060 paam
1086 3941 1189 4012 AEsopus
1205 3942 1252 3992 ha-

31 4003 48 4063 l
223 4019 293 4082 num]
317 4021 340 4070 st
359 4020 420 4086 quid
433 4021 532 4071 omnino
544 4017 635 4083 semper
654 4017 679 4066 in
692 4015 714 4068 se
761 4013 824 4075 buit,
835 4009 937 4065 libenter
953 4011 1086 4062 mererrule
1096 4021 1176 4062 artem
1191 4009 1251 4076 ,deſs-

30 4074 37 4109 l
219 4087 393 4148 animadverti,
417 4100 441 4140 et
464 4086 524 4138 cons
539 4086 570 4136 ici
595 4084 664 4147 velit,
687 4097 712 4137 et
760 4101 853 4136 nerem.
891 4081 937 4131 Sed
959 4080 1078 4131 videndus
1102 4081 1151 4150 ipse
1173 4081 1279 4133 noster'

21 4130 35 4177 ’ὃ
221 4155 277 4206 inde
286 4157 353 4226 quasi
363 4169 428 4208 certo
437 4105 575 4210 char-assere
585 4155 710 4224 dignosci,
763 4172 806 4213 12,
821 4171 864 4205 11.
882 4153 928 4204 ubi
939 4149 1023 4202 dedita
1034 4169 1108 4228 opera
1124 4151 1169 4206 hac
1185 4151 1214 4202 de
1225 4168 1251 4202 re

220 4227 341 4282 modestus
360 4227 454 4296 potius,
466 4243 542 4294 quom
561 4227 635 4276 nimis
657 4241 712 4277 acer
762 4225 825 4292 agit.

780 4341 837 4392 12'
