2870 4916
252 407 291 462 ro
469 388 534 454 Μ,
552 385 678 452 FABH
698 385 1046 452 QUINCTILIANI

249 553 362 643 quales
376 553 515 620 maxime
528 553 636 636 velim,
651 551 810 622 nuti-tow
832 575 947 642 pueror
963 554 1104 635 nabere,
1125 553 1288 642 pedago-

242 663 312 790 ,pus
327 651 374 705 at·
390 663 474 706 unus
488 653 574 706 corte
588 642 626 706 srt
639 641 786 720 asiiduue,
799 639 924 706 dicendi
940 663 1004 706 non
1019 639 1282 743 imperitmfflui,

284 749 350 812 qua
360 738 457 792 erunt
471 725 511 791 nb
525 725 577 790 hie
616 726 747 792 raesente
759 725 892 792 alumno
905 725 991 792 dista
1004 725 1126 805 vitiose,
1138 737 1284 814 eorngat

246 805 404 909 protinus,
420 833 479 876 neo
500 747 633 876 insideie
653 811 702 876 illi
719 813 815 877 finnt:
838 811 918 876 dum
941 825 1047 876 tamen
1067 810 1278 898 intelligatur,

244 895 293 974 rd,
317 898 407 984 quod
431 895 518 984 prius
544 896 625 976 dini,
649 897 771 962 bonum
797 895 879 975 esse,
912 897 987 978 hoc,
1013 893 1202 960 remedium.
1247 897 1279 960 A
1299 909 1347 956 η

247 983 367 1048 Graeoo
384 982 529 1047 sermone
547 991 704 1068 puerum⁸
727 981 868 1068 incipere
881 981 988 1047 malon
1011 981 1087 1068 quia
1107 982 1279 1062 Latinue⁸,

273 1068 306 1132 ui
342 1067 465 1132 iuribus
479 1067 513 1132 in
528 1068 586 1132 usu
607 1067 662 1146 est,
676 1066 727 1132 vel
742 1067 835 1148 nobis
855 1066 1039 1132 nolentibus
1059 1067 1091 1130 se
1133 1068 1278 1132 raebet'e

244 1089 342 1218 simul
383 1152 437 1218 uin
456 1152 630 1238 disciplinis
656 1173 784 1240 quoque
809 1151 932 1218 Grrecic
957 1152 1044 1238 prius
1068 1089 1280 1216 insiituendue
1428 1170 1429 1258 l

243 1239 303 1316 esi,
319 1175 405 1304 unde
419 1252 476 1304 et¹
497 1239 609 1302 nostine
623 1238 794 1304 fluxerunt.
838 1239 915 1302 Non
930 1249 1039 1302 nmen
1054 1237 1118 1302 hoo
1132 1238 1212 1301 adeo
1226 1237 1278 1301 su·
1295 1251 1341 1318 13
1428 1261 1429 1308 1

245 1323 440 1409 perstitiose²
460 1323 557 1388 velim
572 1323 652 1402 sieri,
668 1336 704 1386 ut
717 1323 774 1386 diu
789 1336 914 1388 tantum
928 1322 1081 1410 loquatur
1094 1323 1210 1387 Graece
1223 1333 1281 1388 aut

243 1407 358 1489 discat,
376 1409 455 1474 siout
476 1407 631 1508 plerisque
652 1407 751 1472 moris
772 1410 837 1472 eti:
864 1409 943 1473 hinc
965 1409 1052 1472 enim
1075 1401 1227 1474 acdidunt
1247 1419 1282 1472 et

243 1495 311 1558 orie
330 1493 468 1582 plutima
485 1493 562 1558 vitia
581 1515 615 1556 m
634 1513 708 1580 pere
748 1493 837 1558 inum
857 1494 969 1558 sonum
989 1494 1144 1580 corrupti,
1163 1506 1197 1558 et
1217 1494 1280 1558 ser·

245 1579 374 1658 monie3
397 1579 451 1644 cui
473 1601 549 1642 cum
565 1579 687 1642 Grrecae
771 1599 814 1642 πω
834 1578 950 1644 aliidun
964 1577 1194 1644 consuetudine
1211 1579 1279 1642 hn-

246 1652 375 1740 serint·,
390 1664 424 1728 in
437 1663 557 1728 diversa
576 1685 705 1748 quoque
722 1601 877 1750 {uiuendi
894 1663 1017 1728 ratione
1036 1663 1282 1750 pertinacissime

246 1748 375 1814 durant.
419 1751 495 1812 Non
520 1749 620 1834 longe
644 1748 753 1833 itaque
779 1748 894 1813 Latina
916 1739 1062 1834 subsequi
1087 1748 1220 1827 debent,
1247 1763 1283 1812 et

224 1898 226 1902 ,
242 1833 313 1900 cito
327 1831 441 1922 pariter
456 1837 514 1898 ire.
557 1831 608 1898 Ita
622 1832 688 1912 siet,
703 1846 741 1896 ut
754 1835 881 1919 quumb
904 1834 1020 1920 aequali
1041 1855 1118 1898 cum
1131 1834 1280 1920 linguam
1296 1848 1339 1909 14
1430 1847 1431 1850 ’

244 1932 415 2006 utramque
436 1914 520 1984 tudri
542 1917 743 2004 coeperimus,
766 1931 878 1984 neutra
901 1917 994 1984 alteri
1017 1918 1147 1983 officiat.
1192 1919 1280 1984 Qui·
1296 1928 1349 1998 15.

243 2002 322 2068 dnm
335 2003 439 2068 literis
451 2003 658 2068 intiitnendoe
667 2013 690 2080 ⁶,
704 2002 761 2090 qui
775 2003 916 2068 minores
929 2002 1049 2090 septem
1063 2004 1156 2068 annis
1168 2005 1280 2084 essent,

244 2109 311 2154 non
336 2100 539 2174 putaverunt,
562 2087 650 2174 quod
676 2087 732 2150 illa
753 2090 892 2173 primum
918 2101 994 2152 aetau
1021 2100 1055 2154 et
1077 2088 1281 2154 intellectum

131 2233 133 2240 ,
243 2173 481 2259 disciplinarum
497 2193 620 2261 capere,
635 2185 669 2236 et
682 2173 825 2238 laborem
839 2174 906 2258 pati
920 2173 1023 2272 polilt.
1067 2174 1106 2238 In
1128 2196 1196 2260 quc
1209 2173 1281 2237 sen-

243 2258 346 2330 tentia
360 2255 537 2323 Hefiddum
551 2256 611 2322 esse
630 2256 762 2343 plurimi
775 2257 915 2337 trudunt,
931 2279 988 2343 qur
1009 2271 1085 2322 ante
1104 2259 1282 2324 Gramma-

163 2362 167 2380 *
244 2343 346 2408 ticum
373 2343 616 2429 Aristophanem
639 2341 791 2408 iiiii-untz
824 2365 898 2407 mm
924 2343 952 2407 is
975 2343 1097 2428 primus
1124 2342 1281 2422 ὑποθήκας,

243 2429 281 2492 in
302 2449 370 2514 quo
385 2428 468 2516 libro
485 2427 636 2514 scriptum
662 2427 725 2491 hoo
746 2427 918 2506 invenitur,
941 2428 1072 2514 negavit
1098 2428 1158 2492 esse
1182 2426 1282 2514 hujus

241 2527 359 2600 poeta.
403 2512 467 2578 Sed
488 2512 543 2576 alii
563 2533 692 2600 quoque
716 2507 872 2592 nudiores,
887 2513 971 2576 inter
993 2533 1076 2598 quoe
1098 2513 1280 2576 Eratosthe·
1296 2510 1335 2575 16

243 2621 315 2676 nes,
329 2597 416 2664 idem
431 2611 659 2684 preceperunt.
703 2597 825 2663 Melius
843 2610 963 2676 autem,
978 2599 1035 2683 qui
1049 2597 1177 2661 nullum
1193 2610 1280 2660 tem·
1306 2605 1311 2614 “

243 2707 303 2770 pus
319 2705 429 2748 vacare
449 2705 524 2746 cura
545 2683 669 2761 volunt,
684 2696 721 2746 ut
743 2681 956 2770 Chrysppus:
979 2703 1055 2746 nam
1077 2683 1117 2762 is,
1132 2684 1283 2768 quamvis

242 2768 423 2834 nutricibus
445 2767 617 2832 triennium
640 2767 774 2845 dederit,
790 2755 897 2830 tainen
920 2765 1039 2830 abillis
1060 2789 1194 2854 quoque
1209 2766 1283 2866 jam

242 2851 477 2918 informandam
497 2874 595 2939 quam
619 2853 749 2938 optimis
769 2850 920 2916 institutis
940 2839 1282 2916 mentemiinfannum

236 2927 377 3026 judiicut.
421 2940 488 3004 Cur
510 2949 618 3002 autem
639 2958 704 3002 non
726 2936 882 3023 pertineat
901 2935 943 3000 ad
963 2935 1072 3006 literae
1095 2949 1186 3018 aetaS,
1208 2961 1283 3025 quae
1292 2952 1334 3022 ,17

275 3150 286 3178 n
303 3143 409 3190 nutrices
425 3141 611 3204 paedngogosque
628 3153 713 3200 pueros
723 3138 820 3194 habere,
832 3143 930 3185 aturrus
945 3139 990 3185 &c
1002 3137 1060 3186 Ald.
1077 3139 1139 3204 qued
1146 3141 1233 3202 probat
1242 3141 1285 3188 nir

243 3209 315 3254 donus
327 3208 351 3254 in
362 3207 459 3270 Miseesl.
470 3207 598 3270 Observatt.
613 3204 660 3251 Vel.
671 3205 692 3250 1.
701 3213 726 3268 p.
736 3217 789 3264 ¹3⁹·
800 3202 867 3248 Alius
877 3202 932 3250 ibid.
943 3201 1018 3250 vein
1028 3206 1117 3264 pueris,
1132 3206 1222 3253 habere
1233 3221 1283 3266 pre·

242 3275 357 3332 rlagogoe,
368 3284 394 3318 at
405 3287 468 3318 uuus
479 3272 525 3318 dre.
551 3269 630 3316 Pueris
642 3267 709 3313 eriam
721 3267 801 3328 probat
817 3267 966 3326 Burmannus,
978 3267 1039 3329 cnjus
1050 3267 1173 3326 senionem,
1186 3288 1198 3316 e
1210 3271 1283 3316 Pala-

243 3337 295 3382 tinis
312 3335 442 3384 membranis
453 3333 567 3396 prolatam
578 3351 593 3378 a
610 3331 735 3389 Gebhard,
747 3329 806 3376 nihil
819 3340 917 3376 mutante
927 3329 1054 3392 praesertim
1072 3333 1185 3390 Gothum,
1183 3335 1284 3443 srva·

243 3415 302 3450 nus.
374 3406 485 3447 ⁸autem
497 3399 528 3445 G.
604 3395 757 3458 ‘puerosG.
832 3395 989 3441 ”sintharius
1001 3411 1025 3451 2,
1039 3396 1172 3459 Henrflngero
1198 3410 1283 3458 oeenre,

242 3465 367 3522 Latinum,
380 3465 422 3524 qui
439 3463 553 3525 perbibet.
658 3472 672 3499 r
689 3457 797 3520 perhibet
808 3457 838 3504 G.
848 3459 893 3520 sed
904 3459 993 3519 praebet
1004 3460 1080 3506 merito
1087 3462 1187 3526 present
1198 3465 1283 3514 Bam.

244 3535 299 3576 ¹et
310 3546 351 3574 orn.
364 3529 396 3576 G.
471 3533 483 3557 ²
501 3525 663 3587 superstitione
674 3525 705 3570 G.
786 3522 935 3568 'haeserunt
946 3522 977 3569 G.
993 3533 1019 3568 ut
1029 3524 1085 3572 nu.
1171 3525 1282 3590 lquam

236 3593 351 3659 sphalma,
363 3593 433 3650 credo,
446 3593 569 3638 Burmann·
635 3596 645 3620 θ
664 3586 813 3636 instruendos
822 3585 886 3634 Jens.
898 3597 920 3634 et
930 3585 962 3634 as.
973 3587 1035 3650 aptus
1043 3589 1124 3635 Burm.

243 3806 300 3860 pere
312 3788 337 3839 in
349 3787 371 3839 se
382 3783 510 3852 facereque
521 3779 734 3842 cuntiabitur,vel
783 3779 868 3832 nosiris
879 3780 1010 3832 obsecutus
1053 3791 1127 3835 terat.

243 3858 365 3910 recusabit
376 3857 451 3918 adeo,
465 3853 506 3905 ille
516 3869 565 3903 non
576 3851 668 3902 rationi
680 3849 734 3900 nos·
822 3868 865 3900 rr.
882 3850 968 3901 bonum
984 3868 998 3900 e
1013 3867 1044 3915 ις
1062 3851 1117 3918 hoc]
1139 3854 1283 3922 Nimirum,

243 3939 289 3980 trre
306 3943 335 3978 ae
352 3923 488 3992 disciplinae
502 3920 618 3981 defuerit,
630 3935 736 3987 eamque
783 3917 868 3970 bonum
879 3919 911 3988 est
921 3929 946 3970 et
956 3935 1037 3990 pnmo
1048 3923 1225 3990 expetendum,
1235 3926 1283 3978 ha.

243 3996 350 4050 absurda
361 3991 479 4064 postulare
491 3992 627 4050 convincet,
639 3997 684 4039 aut
696 4004 734 4040 re·
783 3987 841 4040 bere
856 3985 978 4040 familiam
996 3999 1074 4040 totam
1094 3991 1156 4044 bene
1174 3991 1284 4064 loquen.

262 4065 330 4116 ulam
349 4062 452 4114 nostram
470 4061 612 4130 exceptione
628 4057 734 4125 exempli
783 4067 848 4108 tem=
879 4056 896 4109 si
919 4059 1021 4127 quidam
1044 4058 1108 4110 male
1130 4060 1284 4132 loquantur,

242 4085 281 4188 sui
292 4132 407 4195 vitiabit3
424 4129 463 4182 sed
475 4129 580 4189 homini,
591 4143 665 4196 quem
677 4143 734 4183 eru-
783 4125 914 4178 remedium
934 4127 986 4191 ejus
1006 4129 1158 4182 incommodi
1175 4132 1209 4186 est
1222 4133 1283 4198 hoc,

241 4203 361 4256 tiiendum
372 4199 485 4269 suscepit,
497 4198 583 4258 deerit,
595 4198 669 4264 eique
684 4211 735 4246 non
783 4195 852 4265 quod
863 4197 893 4248 de
905 4196 1046 4270 paedagogc
1054 4197 1127 4258 dieii.

242 4269 595 4340 tantumproderit,qumtum
604 4264 736 4338 precepti·
