2938 4910
409 403 578 466 INSTIT.
599 404 801 472 ORATOR.
822 406 997 466 LIB.·VII.'
1017 425 1049 482 4.
1179 423 1237 488 437

145 582 188 662 37
202 564 269 653 post
293 565 445 654 perlatam
472 569 680 658 legationem.
724 568 903 635 Plurimum
928 582 1037 635 tamen
1060 569 1104 634 est
1127 570 1171 634 in‘
1186 595 1243 652 ec,

243 650 291 715 ale
311 651 348 716 fit
368 649 500 720 fastum.
545 656 672 742 Reipub.
688 652 780 742 leesae.
826 657 942 718 Hinc¹¹
966 669 1137 720 moventur
1162 659 1238 744 qui·

225 760 277 802 em
292 737 381 802 mille
389 739 473 826 juris
489 741 718 817 cavillationes,
736 740 821 825 Quid
823 742 869 826 fit
883 743 1015 830 rempub.
1032 742 1171 805 laedere?
1192 755 1239 823 et,

202 821 380 908 laeseritrte?
401 851 442 889 ore
453 825 631 913 profuerit?
653 838 697 903 et,
713 825 752 888 ab
770 826 842 913 ipso,
859 851 900 888 are
918 840 1035 914 propter
1050 829 1141 924 ipsum
1165 829 1240 915 laesa

190 907 271 992 stt?
299 909 331 972 in
358 908 444 974 festo
470 924 579 975 tamen
606 911 781 997 plurimum
812 909 900 974 inest.
945 913 1068 998 Ingrati
1094 936 1240 1000 quoque.

202 991 240 1058 In
264 1017 330 1080 quo
355 1019 473 1083 genere
494 995 661 1082 quaeritur,
677 997 731 1060 Are
750 997 787 1075 is,
804 1019 869 1060 curn
884 1020 940 1085 quo
959 999 1074 1084 agitur,
1096 1001 1240 1098 occeperit

202 1079 401 1165 benficium?
423 1083 512 1168 quod
527 1105 597 1146 raro
615 1081 800 1170 negandum
822 1084 884 1145 est:
907 1082 1051 1168 ingratus
1073 1083 1116 1146 est
1138 1106 1240 1165 emm,
1341 1082 1348 1099 ‘

144 1168 188 1260 38
202 1165 258 1250 qui
278 1178 388 1251 negat.
433 1168 490 1230 Are
498 1181 523 1246 ⁰,
541 1181 686 1253 quantum
700 1167 853 1254 acceperit,
869 1168 1085 1232 rreddiderit?
1106 1193 1147 1232 ort
1190 1195 1238 1236 ro-

202 1249 292 1330 tinus,
310 1253 363 1338 qni
378 1277 438 1316 eron
452 1253 626 1332 reddiderit,
642 1255 782 1340 ingratus
793 1253 868 1338 fit?
890 1278 931 1315 an
949 1253 1078 1340 potuerit
1092 1256 1147 1316 red
1168 1257 1241 1320 ere?

201 1362 243 1400 un
257 1337 302 1416 id,
317 1339 395 1422 quod
408 1340 593 1424 exigebatur,
611 1337 766 1402 debuerit?
787 1363 844 1426 quo
859 1337 1028 1424 unimostt?
1052 1339 1238 1426 Simplicio-

201 1443 252 1486 res
278 1421 355 1501 illae,
379 1425 479 1510 injusti
498 1424 627 1510 repudii,
647 1425 705 1488 sub
729 1447 792 1510 qua
816 1425 890 1510 lege
914 1424 1132 1487 controverfiae
1156 1425 1241 1504 illud

201 1508 363 1592 proprium
379 1510 511 1588 habent,
525 1509 613 1596 quod
628 1523 672 1572 at
687 1523 776 1595 perte
790 1509 965 1574 accusantis
982 1509 1121 1573 desenfio
1135 1511 1190 1590 est,
1207 1526 1241 1576 et

146 1621 189 1688 39
201 1591 403 1660 defendentis
417 1596 586 1660 accusatio.
622 1597 787 1674 Praeterea,
803 1616 877 1658 cum
894 1595 965 1680 quis
980 1595 1136 1659 rationem
1151 1617 1239 1660 mor-

97 1743 100 1750 ,
203 1679 245 1742 tis
259 1677 292 1742 in
307 1679 437 1744 senatu¹
452 1681 579 1746 reddit:
603 1680 660 1746 ubi
675 1702 740 1744 una
754 1681 885 1767 quaestio
900 1681 944 1745 est
965 1679 1054 1762 uris,
1070 1681 1132 1744 An.
1146 1681 1171 1744 is
1186 1683 1239 1745 de·
1304 1686 1306 1693 ⁴

202 1789 282 1830 mum
299 1767 499 1852 probibendus
509 1767 567 1853 stt,
584 1766 636 1853 qui
657 1766 731 1830 mori
749 1766 829 1846 uult,
844 1778 879 1829 ut
892 1767 930 1852 se
954 1703 1053 1853 degum
1077 1766 1241 1831 udionibus

192 1850 383 1936 subtrabat3
406 1865 512 1916 cetera
532 1852 709 1939 qualitatis.
753 1852 936 1938 Finguntur
954 1866 988 1916 et
1009 1849 1190 1938 testamenta,
1206 1853 1241 1916 in

203 1936 323 2023 quibus
346 1937 387 2001 de
410 1938 473 2001 sola
496 1949 657 2024 quaeretur
672 1936 855 2001 voluntate:
879 1949 938 2000 ut⁸
961 1937 993 2000 in
1017 1937 1241 2024 controversia,

203 2043 300 2106 quem
324 2023 418 2109 supra
439 2023 579 2109 exposui,
595 2023 629 2086 in
650 2045 715 2110 que
736 2022 777 2086 de
799 2033 889 2108 parte
911 2022 1098 2108 patrimonii
1117 2037 1241 2108 quarta,

202 2129 302 2191 quam
330 2121 421 2193 pater
449 2108 631 2196 digniffimo
658 2131 697 2172 ex
726 2107 799 2172 filiis
827 2106 1012 2194 reliquerat,
1042 2109 1243 2174 contendunt

224 2191 423 2279 hilosophus,
438 2193 598 2271 medicus,
614 2207 732 2258 orator.
777 2193 876 2260 Quod
896 2192 983 2260 idem
1004 2194 1133 2273 accidit,
1151 2194 1173 2262 fi‘
1186 2211 1240 2259 ora

183 2211 254 2340 Ἐκ
271 2279 398 2364 nuptias
415 2279 595 2344 vindicant²
610 2301 701 2365 pares
716 2277 831 2366 gradu,
847 2291 881 2342 et
903 2279 923 2342 sr
944 2279 1029 2342 inter
1047 2280 1242 2367 propinquos

148 2390 191 2451 40
204 2360 244 2424 de
259 2362 377 2426 idoneo
392 2378 563 2450 quaeratur.
610 2364 674 2428 Sed
688 2387 748 2428 nec
770 2386 883 2428 omnes
904 2363 985 2428 mihi
1007 2366 1151 2451 persequi
1172 2389 1242 2429 ma-

204 2445 299 2510 terias
321 2447 354 2510 in
377 2449 484 2512 animo
499 2451 553 2528 est,
573 2449 665 2536 (fingi
680 2449 768 2514 enim
783 2449 889 2512 adhuc
910 2449 1049 2534 potsunt)
1069 2471 1128 2514 nec
1150 2473 1242 2516 com·

203 2554 318 2596 munes
339 2533 411 2596 sunt
426 2545 558 2620 eapum¹¹
573 2533 774 2622 quaestiones,
791 2535 867 2620 quia
880 2535 1088 2619 positionibus
1110 2549 1258 2600 mutam·
1358 2594 1361 2602 .

143 2653 145 2658 ,
203 2627 267 2684 tur.
311 2617 541 2684 Hoc-tantum
566 2619 903 2700 admiror,.Flavium,
929 2619 1021 2708 cujus
1048 2621 1159 2707 epud¹¹
1190 2645 1244 2686 me

235 2838 317 2886 unic
329 2839 360 2886 G.
426 2839 615 2886 ⁰om.G.Jens.
680 2838 846 2903 Panirfiiid.
919 2848 1030 2901 <reperte
1042 2840 1073 2886 G.
1148 2843 1245 2888 rsena·

203 2908 259 2949 tum
271 2904 372 2952 reddidit
381 2905 446 2954 Jens.
527 2912 537 2941 ὃ
553 2905 618 2952 utin
630 2913 708 2953 contr.
720 2921 761 2954 om.
773 2905 805 2952 G.
886 2907 896 2943 t
913 2904 1023 2952 indicant
1033 2905 1097 2952 Jens.
1109 2905 1159 2952 vid.
1165 2907 1188 2970 s
1202 2921 1243 2967 24.

203 2975 218 3002 ¹¹
235 2981 320 3015 eorum
332 2969 362 3018 G.
429 2974 441 2998 ¹
460 2969 525 3030 apud
537 2983 577 3016 me
588 2985 630 3016 orn.
643 2968 674 3015 G.

204 3145 268 3199 clare
288 3159 355 3200 certe
372 3146 496 3218 explicata
512 3165 527 3198 a
544 3148 700 3210 Bunnanno‚
748 3165 861 3210 uxorem,
874 3148 931 3217 quae
948 3150 1080 3220 repudium
1097 3152 1243 3202 meruerint.

202 3218 276 3283 cujus
295 3218 439 3270 testimoniis
459 3217 517 3270 addi
535 3222 613 3288 potest
631 3217 699 3270 Plin.
749 3219 833 3288 injusti
860 3217 957 3288 repudii
984 3219 1048 3272 attio
1079 3222 1188 3272 occurrit
1217 3223 1244 3272 in

203 3303 232 3348 4,
246 3307 271 3352 9,
285 3306 329 3338 20.
357 3289 403 3338 Sed
425 3289 519 3356 quibus
539 3289 620 3341 verbis
640 3288 700 3340 usus
749 3289 853 3360 Qinti.
866 3308 929 3354 251.

204 3355 233 3406 fit
245 3359 350 3418 Fabius,
362 3357 425 3408 mihi
436 3375 486 3408 non
503 3357 591 3425 liquet.
622 3360 699 3430 Qae·
786 3375 829 3424 39.
854 3357 975 3410 rationem
994 3357 1077 3409 mortis
1096 3359 1122 3408 in
1135 3361 1241 3428 finutu]

204 3425 278 3488 titur,
291 3428 417 3498 Quasque
426 3426 461 3492 stt
477 3425 595 3496 legatus?
622 3446 652 3479 an
670 3445 700 3480 eo
749 3428 825 3550 (prod
841 3429 908 3498 apud
927 3427 1088 3480 Maffileenses
1101 3432 1126 3479 in
1145 3429 1189 3479 usu
1202 3429 1243 3481 fu-

203 3495 291 3564 usque,
302 3497 363 3548 dum
375 3495 518 3564 legationem
534 3497 699 3550 renuntiave·
749 3497 789 3549 ie
816 3509 899 3550 narrat
929 3499 1043 3550 Valerius
1072 3498 1204 3549 Maximus
1229 3515 1259 3550 a·

204 3562 249 3626 rit,
260 3563 324 3618 h.e.
337 3567 364 3617 in
375 3566 417 3618 sua
434 3566 535 3617 civitate
552 3567 699 3636 exposuerit,
749 3567 882 3629 Turnebo,
893 3565 932 3618 vel
949 3566 1060 3636 quisquis
1078 3568 1119 3626 est,
1133 3567 1181 3616 hirc
1199 3567 1246 3619 ad-

205 3633 268 3702 quid
288 3636 371 3687 astum
390 3653 404 3686 a
420 3635 443 3686 se
460 3634 498 3696 fit,
518 3635 581 3703 quid
597 3636 699 3706 responsi
748 3648 853 3688 vocatus
875 3655 901 3698 2,
922 3640 948 3696 6,
970 3655 995 3700 7.
1024 3637 1144 3688 Venenum
1162 3636 1244 3689 cicera

204 3707 347 3774 acceperis?
368 3705 407 3757 De
423 3705 470 3756 hoc
487 3705 552 3756 enim
564 3709 642 3773 quaeri
654 3725 699 3776 po·
748 3714 910 3775 temperatum
929 3705 956 3756 in
975 3721 1004 3755 ea
1024 3703 1133 3756 civitate
1148 3707 1244 3774 publice

201 3777 256 3826 tuit
268 3778 294 3826 in
305 3775 387 3827 Heio:
408 3775 461 3828 vid.
474 3775 532 3827 Cic.
547 3777 618 3826 Verr.
631 3793 659 3839 4,
673 3780 699 3837 8,
749 3775 887 3845 reproditur,
898 3776 961 3844 quod
976 3775 1052 3826 datur
1069 3774 1101 3838 ei,
1115 3775 1158 3846 qui
1174 3779 1244 3846 rares-

205 3843 242 3912 sq.
740 3846 789 3914 sas
798 3845 922 3916 fixcentis
934 3844 975 3912 (id
990 3843 1053 3899 enirn
1070 3847 1177 3897 Senatus
1191 3849 1266 3918 ejur

243 3917 286 3978 38.
307 3931 326 3965 a
339 3922 414 3982 parte
430 3913 567 3986 accersantis
584 3914 697 3983 desento]
749 3929 834 3966 nomen
844 3915 888 3985 ess)
904 3913 1023 3966 exhibuit.
1052 3915 1142 3986 Capite
1160 3921 1244 3985 proxi-

205 3981 294 4054 Neque
313 3988 379 4036 enim
399 3984 477 4052 potest
492 3985 605 4036 accusare
623 3987 700 4036 mari·
749 3997 791 4034 mo
802 3985 905 4036 ostendit
917 3983 1041 4044 Valerius,
1053 4001 1099 4035 cur
1116 3985 1246 4038 eGraecia

205 4063 259 4102 tum
276 4055 374 4122 repudii
390 4053 472 4119 injusti
490 4053 589 4116 mulier,
610 4054 654 4106 nisi
672 4074 699 4106 o·
749 4071 790 4104 ees
810 4054 915 4106 attulisse
937 4054 1002 4105 hunc
1025 4070 1118 4106 merem
1139 4056 1242 4110 arbitre-

206 4121 308 4183 stendat,
320 4123 343 4174 se
363 4123 425 4174 nihil
445 4123 493 4174 tale
511 4123 697 4180 commeruisset
749 4133 800 4176 tur.

206 4209 249 4241 nec
268 4189 395 4244 defendere
417 4193 484 4244 illam
497 4192 565 4244 suam
578 4193 699 4246 aaronem
787 4212 828 4260 39.
848 4193 943 4262 supra]
964 4209 990 4257 7,
1010 4197 1092 4260 1,38.
1111 4211 1169 4246 mox
1185 4213 1244 4266 pro.-

204 4263 320 4324 maritus,
337 4261 379 4314 uit
401 4263 497 4315 accuset
515 4279 601 4316 earum
619 4282 699 4317 rerum
748 4273 820 4315 vocat
833 4264 864 4314 ad
877 4264 895 4314 s.
911 4267 954 4315 16.
1240 4281 1243 4288 ’

651 4357 654 4364 ’
759 4347 835 4434 ef3
