3024 4912
238 370 296 428 216
479 367 525 427 M.
545 367 672 426 rann
693 365 1039 428 nutrientium

324 527 395 594 sest
417 543 452 596 et
472 529 665 610 favorabilia,
681 528 728 592 Νι
742 529 819 594 male
831 530 948 615 sentiat
1055 552 1090 594 ur
1104 527 1264 610 Rom,

273 641 288 678 ι
299 613 418 703 judicia
442 615 684 701 transsumam
706 616 787 680 alter
809 629 916 678 autem
938 637 1025 714 aper
1038 627 1072 679 et
1086 636 1185 693 rarru,
1199 637 1265 701 quo

239 699 380 766 minatur
392 701 548 786 corruptis
562 699 791 765 accusationem
806 724 814 762 ε
837 713 871 763 et
884 697 918 763 id
930 699 1061 786 quidem
1075 699 1082 738 ¹
1108 699 1140 761 in
1155 701 1265 765 conci-

239 783 288 850 lio
308 783 459 884 ampliore
472 796 678 871 utcumque·
697 783 799 848 tutius
812 808 822 864 ;
845 806 918 848 nam
932 797 966 848 et
980 783 1055 846 mali
1068 783 1266 866 inhibentur,

238 884 274 934 ct
289 871 366 934 bom
378 869 546 958 gaudent:
567 869 651 956 apud
666 868 804 956 singulos
819 891 894 934 vero
915 890 1089 954 numquam
1108 868 1265 950 suaserim,

240 955 297 1018 nisi
311 953 485 1020 defecerint
499 953 618 1020 omnia.
662 953 763 1020 Quod
778 954 798 1017 fi
815 954 976 1018 neceffitas
997 953 1048 1018 exi
1074 954 1111 1033 ‘t,
1126 975 1190 1018 non
1205 955 1267 1020 erit
1276 974 1316 1027 Μ

234 1037 305 1139 jam
319 1061 359 1104 ex
372 1053 440 1104 arte
459 1039 615 1104 oratoria:
638 1060 702 1102 non
723 1039 827 1126 magis
849 1061 944 1124 quam
966 1060 1045 1124 appe
1088 1061 1134 1118 re,
1148 1040 1266 1104 etiamsi

240 1123 275 1189 rd
289 1147 419 1212 quoque
431 1121 511 1212 saepe
524 1123 604 1188 utile
617 1124 660 1188 est
667 1148 676 1202 3
699 1137 767 1202 aut,
780 1137 949 1221 antequam
963 1124 1160 1210 pronuntiet,
1176 1147 1267 1190 reum

240 1207 364 1274 secere:
388 1232 460 1274 nam
474 1223 508 1274 et
522 1207 637 1272 minari
652 1222 685 1272 et
697 1207 819 1272 deferre
833 1222 928 1272 ettam
945 1231 1009 1272 non
1025 1222 1133 1274 orator
1154 1211 1266 1296 potest.
1282 1235 1287 1244 ·

241 1294 276 1362 Si
293 1293 394 1358 caussa
407 1293 597 1358 oenciliandi
611 1293 705 1357 nobis
721 1293 842 1381 judicis
857 1292 1019 1356 materiam
1033 1293 1134 1374 dabit,
1148 1317 1188 1357 ex
1207 1295 1267 1359 hac
1277 1315 1316 1380 23

285 1377 435 1444 tiffimum
450 1380 557 1466 aliqua
572 1379 605 1442 in
619 1379 709 1442 usum
724 1377 882 1476 principii,
898 1401 970 1464 quae
992 1379 1130 1442 maxime
1144 1378 1267 1444 favora-

240 1397 321 1542 bilia
333 1463 537 1534 videbuntur,
551 1461 676 1550 decerpi
690 1465 863 1550 oportebit:
887 1484 952 1550 quo
966 1463 998 1526 in
1013 1463 1087 1528 loco
1102 1463 1269 1550 Virginius

242 1549 373 1628 fallitur,
388 1549 442 1634 qui
456 1549 629 1614 Theodoro
649 1547 774 1634 placere
791 1547 899 1628 tradit,
913 1561 952 1611 ut
971 1570 1011 1612 ex
1033 1549 1164 1636 singulis
1201 1573 1268 1616 uae·

242 1633 394 1698 stionibus
408 1633 523 1720 singuli
544 1631 647 1697 sensus
662 1633 694 1696 in
714 1633 903 1718 prooemium
925 1631 1138 1698 conserantur.
1216 1653 1321 1718 amu

241 1717 297 1784 ille
313 1741 376 1782 non
392 1717 454 1780 hoc
476 1716 568 1796 dicit,
584 1716 636 1782 sed
660 1717 700 1780 ad
723 1717 949 1802 potentiffimas
974 1717 1160 1804 quaestiones
1178 1717 1269 1804 judi-

241 1824 313 1866 cem
336 1825 398 1889 prae
440 1803 597 1866 randum:
621 1802 654 1864 in
679 1823 746 1888 quo
760 1802 829 1865 vitii
843 1801 925 1865 nihil
948 1814 1051 1882 erat³,
1067 1803 1122 1867 nifi
1146 1806 1179 1866 in
1195 1806 1269 1868 uni-

242 1887 364 1952 versum
379 1885 389 1951 i
427 1887 629 1974 praeciperet:
654 1885 741 1973 quod
756 1909 815 1950 nec
838 1885 945 1950 omnir
966 1887 1051 1952 attio
1064 1888 1193 1974 patitur,
1210 1911 1269 1956 nec

241 1973 348 2036 omnis
369 1971 470 2036 caussa
483 1971 647 2036 desderat.
690 1972 776 2034 Nam
799 1972 942 2058 protinus
965 1994 985 2034 a
1006 1973 1142 2058 petitore
1165 1973 1270 2058 primo

240 2055 325 2136 loco,
341 2055 419 2120 dum
433 2056 658 2144 ignotajudici
674 2055 713 2118 lis
728 2055 782 2134 est,
799 2079 865 2142 quo
880 2055 977 2120 modo
992 2079 1032 2120 ex
1045 2057 1270 2143 quaestionibus

243 2141 399 2206 ducemus
412 2140 605 2205 sententias?
630 2140 780 2208 nimirum
796 2155 954 2204 recerunt
971 2141 1151 2206 indicandae
1168 2143 1268 2228 prius.

241 2225 367 2292 Demus
388 2226 522 2312 aliquas,
542 2230 630 2308 (nam
655 2225 690 2289 id
712 2224 815 2311 exigit
837 2225 918 2290 ratio
933 2233 1190 2315 nonnumquam)
1208 2229 1270 2291 eti·

242 2331 338 2375 amne
358 2309 584 2398 potentiffimas
598 2331 722 2389 omnes,
736 2309 769 2373 id
784 2311 827 2372 est
851 2323 950 2374 totam
966 2311 1101 2375 caussam
1116 2311 1128 2376 i
1157 2313 1197 2376 fic
1212 2311 1272 2377 erit

241 2387 276 2460 in
290 2394 445 2482 prooemio
458 2393 585 2482 perada
598 2394 745 2460 narratio.
789 2394 879 2460 Quid
893 2397 991 2460 vero?
1017 2396 1036 2458 si
1056 2401 1107 2480 (ut
1121 2396 1269 2496 frequen·
1281 2412 1320 2482 25

241 2494 293 2544 ter
307 2477 436 2560 accidit)
456 2477 563 2566 paullo
577 2480 619 2542 est
634 2479 743 2544 durior
757 2479 880 2558 caussa3
903 2503 967 2544 non
981 2480 1206 2546 benevolentia
1209 2505 1270 2628 pu·

161 2569 164 2576 ’
239 2563 324 2632 dicis
338 2564 475 2652 petenda
488 2587 527 2628 ex
542 2565 613 2628 aliie
627 2565 769 2651 partibus
784 2565 856 2643 erit,
870 2563 923 2630 sed
938 2587 1001 2628 non
1022 2581 1096 2630 ante
1115 2567 1207 2630 conci
1223 2569 1270 2629 ia-

243 2661 279 2714 to
293 2649 362 2736 ejus
386 2649 494 2714 animo
517 2649 603 2714 nuda
626 2650 832 2735 quaestionum
857 2649 1076 2714 committetur
1099 2652 1136 2714 as
1153 2651 1269 2714 eritas?

245 2735 362 2802 Ouaefi
378 2734 464 2800 recle
478 2734 598 2821 semper
612 2733 705 2798 initio
718 2733 847 2798 dicendi
861 2733 1079 2814 tractarentur,
1093 2673 1174 2798 nilsil
1196 2757 1271 2820 pro·
1366 2787 1370 2796 .

245 2821 343 2890 oemio
358 2841 438 2918 opus
453 2817 538 2884 essct.
582 2817 702 2906 Aliqua
720 2840 797 2906 ergo
816 2841 1069 2965 nonnumdpuam,
1082 2842 1154 2905 quae
1177 2822 1322 2888 erunttd

244 2904 284 2970 ad
299 2903 536 2970 conciliandum
552 2903 645 2967 nobis
670 2902 808 2968 'udicem
824 2902 946 2988 potenti
970 2926 1045 2982 rma,
1061 2928 1123 2968 non
1145 2905 1270 2970 inutili·

245 3001 293 3054 ter
307 2989 434 3055 interim
450 3013 489 3054 ex
503 2925 726 3075 quaestionibus
740 2991 774 3052 in
797 2987 928 3053 exordio
942 2987 1144 3054 locabuntur.
1188 2990 1271 3055 Quae

246 3075 304 3136 sint
318 3096 409 3159 porro
424 3074 456 3136 in
472 3074 583 3138 caussis
597 3072 790 3152 favorabilia,
804 3094 987 3138 enumerare
1012 3095 1076 3136 non
1098 3075 1141 3138 cst
1164 3074 1270 3140 neces·

245 3159 287 3236 se,
305 3159 455 3244 quoniam
469 3167 482 3190 ⁰
506 3172 541 3220 et
563 3155 723 3220 manifesta
744 3153 850 3234 erunt,
866 3157 998 3243 cognita
1018 3157 1169 3244 cujusque
1191 3181 1269 3223 con-

245 3243 400 3320 troversrae
413 3241 610 3320 conditione,
627 3255 659 3306 et
674 3243 781 3306 omnia
792 3241 905 3328 colligi
919 3241 953 3306 in
966 3254 1054 3304 tanta
1067 3241 1173 3306 litium
1189 3243 1271 3307 vari-

246 3340 331 3392 etate
357 3349 422 3394 non
446 3327 582 3414 possunt.
631 3328 675 3392 Ut
699 3341 807 3392 autem
833 3325 926 3390 haec?
949 3325 1082 3389 invenire
1095 3339 1128 3391 et
1150 3347 1320 3420 augere,27

244 3546 369 3659 J[quud
381 3543 410 3594 G.
478 3549 496 3573 ¹³
515 3551 645 3604 utrumque
657 3543 687 3589 G.
763 3549 781 3578 θ
796 3544 840 3591 erit
850 3543 882 3592 G.
953 3547 1039 3606 ‘qua
1050 3544 1082 3593 G.
1156 3547 1231 3594 ’hoc
1240 3547 1271 3595 G.

260 3617 307 3658 ent.
359 3637 362 3648 ·

245 3787 382 3844 orationem
399 3783 437 3835 vel
455 3781 589 3854 principem
615 3780 653 3833 vel
672 3781 735 3831 inter
785 3781 885 3850 gitavit
896 3783 1003 3834 Fabium
1013 3783 1045 3835 de
1055 3784 1177 3854 prooemio
1193 3783 1234 3836 hic
1246 3801 1272 3836 a·

248 3856 371 3930 principes
394 3869 481 3923 ponere
505 3851 575 3912 soleo,
599 3861 654 3902 toto
678 3852 737 3918 qui·
785 3869 852 3920 gere,
872 3851 956 3902 locum
977 3863 1059 3903 autem
1082 3852 1154 3905 illum
1177 3853 1230 3904 esse·
1243 3871 1273 3905 cx

248 3921 398 3983 demissum
414 3920 571 3990 frequentem
584 3932 607 3970 et
617 3919 736 3985 savrra·
784 3921 953 3988 peroratione=
977 3924 1049 3988 cujus
1067 3923 1170 3991 quidun
1188 3921 1273 3974 adem

249 3992 320 4045 hilm
340 4003 434 4042 metum
454 3990 567 4048 ostendit,
579 3987 651 4040 illum
668 3988 739 4056 aspe-
785 3988 836 4040 sere
846 3988 901 4039 sunt
912 3989 1007 4039 munia.

247 4077 303 4118 rum
314 4069 339 4112 et
356 4073 445 4110 rarum
460 4069 543 4110 autem
560 4057 693 4126 praesertim
711 4073 735 4108 c.
821 4075 864 4120 24.
882 4075 901 4107 a
908 4055 1023 4124 petitore]
1043 4059 1099 4110 Hoc
1116 4059 1159 4121 est,
1176 4059 1273 4111 causam
1296 4057 1299 4066 '

254 4149 284 4180 12
301 4141 326 4182 et
347 4145 389 4192 ις.
408 4127 439 4178 it.
455 4145 485 4189 c.¹
501 4143 543 4190 ¹7·
568 4128 622 4198 Qi
633 4126 675 4178 hic
687 4126 736 4196 pri-
785 4143 843 4177 cum
854 4128 953 4195 aginnus
963 4126 1075 4194 petitoris
1087 4127 1105 4177 s.
1119 4129 1223 4181 altoris:
1238 4128 1273 4182 11·

248 4195 305 4251 mus
316 4193 439 4268 adscripsit
451 4197 523 4250 Verr.
540 4213 566 4262 ς,
578 4215 621 4259 7¹·
633 4211 682 4250 non
694 4213 737 4248 co·
785 4193 829 4247 lud
840 4212 857 4246 a
867 4197 952 4265 itaque
963 4195 1016 4248 vim
1026 4204 1063 4256 rie
1069 4203 1116 4266 pro
1126 4197 1210 4254 babet.
