3024 4912
451 399 621 464 tnsrrr.
636 397 839 462 oneror.
858 358 943 462 ure.
963 402 1020 462 111.
1039 421 1070 476 3.
1096 377 1098 383 '
1212 419 1267 484 ua

244 584 301 636 nee
320 563 419 645 enim,
441 563 526 630 ficut.
538 565 572 630 in
588 563 762 644 medicina,
782 585 857 630 oum
879 563 1023 630 viderent
1043 562 1269 650 alia-salubria,

242 651 313 718 alia.
323 649 519 730 insalubria‘,
539 673 580 715 ex
593 650 808 716 observatione
823 671 933 714 eorum
948 649 1119 716 effecerunt
1133 662 1269 724 arternte

229 735 299 816 ita,
315 757 391 802 cunr
413 737 448 800 in
471 735 608 802 dicendo
631 735 693 800 alie
714 733 816 814 utilia,
830 734 891 800 alia
910 735 1038 802 inutilia
1050 735 1270 824 deprehende·

242 833 315 891 rent
326 835 350 900 θ,
373 833 526 886 notarunt
547 843 585 886 ea
598 820 639 885 ad
655 819 849 888 imitandum
872 820 1110 906 vitandumque,
1126 835 1160 888 et
1179 845 1270 910 quae.

242 907 317 972 dam
332 907 506 972 secundum
519 907 674 992 rationem
689 927 800 971 eorum
818 905 1002 993 adjecerunt
1021 906 1100 992 ipsrf
1119 929 1269 995 quoquer

242 991 315 1058 haee
329 991 514 1056 confirmata
532 991 605 1056 sunt
618 991 696 1054 usu:
724 1005 795 1056 tum
820 1012 892 1075 quae
914 990 1030 1056 sciebat
1054 996 1056 1006 ’
1074 991 1195 1079 nisque,
1210 995 1270 1060 do-

208 1076 324 1162 ffeuit.
368 1077 485 1142 Cicero
497 1077 627 1162 quidem
640 1075 768 1140 initium
784 1075 894 1140 orandi
908 1013 1127 1142 conditoribus
1141 1079 1272 1150 urbium

243 1181 284 1228 ae·
305 1162 337 1226 le
384 1185 416 1226 m
442 1161 597 1232 latoribus
621 1161 731 1226 dedit:
754 1160 788 1222 in
813 1161 931 1246 quibus
945 1160 1032 1226 fuisse
1051 1162 1117 1228 vim
1142 1163 1272 1234 dicendi

243 1185 441 1312 neoetlieuell:
465 1269 522 1311 eur
535 1259 642 1312 tamen
656 1246 739 1310 hanc
760 1245 893 1331 primam
915 1247 1071 1332 originem
1086 1259 1190 1333 putet,
1206 1271 1272 1317 non

243 1331 338 1397 video
349 1357 359 1412 3
383 1353 460 1396 eum
475 1332 534 1396 srnt
547 1332 652 1396 adhuc
666 1330 814 1416 quaedam
828 1353 919 1418 vagae
941 1345 974 1396 et
996 1333 1058 1397 fine
1079 1333 1212 1398 urbibus
1233 1357 1271 1402 ee

243 1416 307 1482 stne
320 1417 449 1504 legibus
472 1429 597 1504 genteS,
613 1430 647 1481 et
670 1429 777 1480 tamen
791 1415 848 1500 qui
868 1417 988 1484 suntin
1012 1418 1064 1482 hie
1079 1419 1158 1496 neti,
1174 1432 1207 1483 et
1221 1419 1269 1484 le·

269 1503 428 1567 ationibus
442 1500 629 1588 fungantur,
646 1513 680 1566 et
699 1501 847 1568 accusent
859 1500 966 1590 aliqua
987 1515 1025 1568 ac
1039 1501 1222 1585 defendant,
1237 1517 1272 1570 et

265 1617 266 1620 ¹
285 1587 382 1674 nique
397 1587 495 1652 alium
508 1587 571 1652 alio
584 1587 699 1652 melius
710 1585 800 1672 loqui
816 1586 958 1652 credant.

240 1707 245 1725 κ
288 1673 351 1736 III.
377 1674 468 1758 (ΙΙΙ.)
493 1672 607 1738 Omnis
620 1684 729 1736 autem
744 1671 850 1736 orandi
863 1673 952 1750 ratio,
966 1682 1004 1736 ut
1017 1670 1145 1758 plurimi
1165 1674 1271 1742 maxi·

245 1754 355 1843 mique
368 1757 511 1822 austeres
525 1757 732 1835 tradiderunt,
746 1757 896 1843 quinque
910 1758 1053 1842 partibus
1075 1757 1204 1840 constat,
1220 1762 1270 1824 in·

244 1841 391 1922 ventione,
408 1828 600 1931 dispoſstionel
615 1842 780 1919 elocutione,
796 1843 945 1920 memorio,
956 1845 1195 1928 pronuntiatione
1211 1845 1273 1912 live

244 1927 366 2007 ustione,
382 1928 621 2013 utroqueenim
636 1927 735 1992 modo
748 1925 877 1992 dicitur.
921 1927 1037 1993 Omnis
1060 1949 1134 1993 vero
1156 1931 1270 2010 leuno,

244 2032 310 2096 quo
323 2012 452 2098 quidem
468 2011 614 2078 voluntas
628 2011 734 2098 aliqua
748 2012 942 2091 enuntiatur,
958 2012 1073 2078 habeat
1091 2013 1210 2081 necesse
1228 2017 1272 2080 est

212 2108 279 2167 zet
291 2121 364 2176 rem,
380 2110 413 2161 et
427 2097 532 2162 verba.
575 2101 626 2162 Ac
644 2098 664 2160 fi
686 2099 729 2160 est
742 2096 861 2176 breviS,
875 2109 908 2160 et
929 2101 993 2172 una
1008 2097 1207 2173 conclusione
1230 2101 1270 2164 li·

244 2180 344 2260 nitus,
357 2181 440 2246 nihil
454 2181 576 2251 fortasse
587 2183 670 2246 ultra
684 2181 856 2246 desideret:
879 2194 912 2246 at
926 2182 1028 2246 oratio
1041 2183 1168 2271 longior
1181 2184 1272 2272 plura

244 2266 358 2352 exigit.
401 2267 478 2331 Non
492 2269 578 2332 enim
596 2281 720 2332 tanturn
739 2265 846 2346 refert,
860 2266 949 2354 qnid,
964 2281 997 2332 et
1021 2289 1086 2354 quo
1105 2269 1203 2334 modo
1218 2270 1270 2334 di-

244 2371 367 2432 eamus,
382 2350 436 2431 sed
449 2352 623 2452 etiam.an
636 2353 733 2418 loco:
756 2374 836 2438 opus
859 2374 937 2440 ergo
958 2353 1002 2416 est
1025 2365 1059 2416 et
1081 2353 1270 2440 dispoſstione.

244 2435 312 2504 Sed
338 2459 378 2502 ne
401 2459 442 2501 ue
467 2460 585 2516 omnia,
605 2460 676 2526 quae
703 2459 756 2524 res·
778 2437 921 2521 postulat,
943 2437 1061 2516 dicere,
1087 2460 1192 2525 neque
1215 2441 1271 2505 suo

245 2460 472 2608 quaequeqloco
486 2523 673 2610 poterimuS,
689 2521 743 2585 nisr
759 2520 926 2606 adjuvante
940 2523 1092 2592 memoria:
1114 2545 1271 2611 quaprop-

212 2621 234 2698 3
246 2617 294 2672 ter
308 2627 346 2671 ea
360 2619 515 2696 quoqueg
534 2629 604 2694 pars
617 2618 729 2693 quarta
741 2606 813 2674 eritss
848 2609 970 2673 Verum
984 2608 1055 2678 hec
1069 2610 1186 2676 cundia
1198 2633 1270 2676 cor·

251 2789 289 2858 's‘
307 2783 358 2874 nori
368 2825 470 2874 salubria
480 2789 512 2876 (l.
586 2798 700 2875 ronse.
779 2825 1013 2889 ‘deprehenderunt
1024 2827 1056 2876 G.
1151 2824 1215 2892 ‘ips
1239 2830 1271 2884 G.

246 2895 318 2940 ‘em-
331 2891 362 2940 G.
373 2892 437 2940 leus.

280 3068 309 3116 4·
328 3052 412 3108 Cicero
430 3050 537 3123 quidem]
563 3049 651 3104 Pallim
671 3068 734 3122 prae·
782 3051 868 3106 vitatis
881 3055 924 3104 aut
936 3051 1029 3124 legum,
1043 3051 1102 3120 (live
1113 3053 1208 3126 scriptae
1220 3055 1270 3110 illae

244 3121 315 3176 dicat
336 3125 426 3176 Cicero
445 3121 516 3174 illum
536 3121 681 3189 eloquentiae
704 3139 734 3172 u·
782 3121 836 3184 sut,
848 3122 894 3176 sive
905 3124 930 3174 in
941 3127 987 3174 usu
1000 3135 1024 3189 et
1039 3122 1214 3178 consuetudine
1225 3145 1270 3196 po-

247 3192 310 3254 lum,
320 3193 389 3262 quod
400 3193 453 3258 ejus
464 3209 510 3262 ope
528 3191 639 3244 homines
656 3190 735 3243 asera
782 3190 845 3258 srtae)
859 3192 958 3245 vinculo
969 3194 1149 3244 contineantur.
1165 3196 1269 3264 xScytltae

246 3261 385 3330 agrestique
402 3262 455 3314 vita
475 3262 500 3312 in
513 3262 627 3312 civitates
639 3260 735 3312 eollesii
782 3260 819 3313 illi
831 3263 964 3323 Nomades,
977 3263 1021 3330 qui
1033 3264 1141 3332 Legatos
1153 3265 1270 3318 miserunt

247 3329 302 3392 sint,
313 3347 339 3382 v.
353 3347 381 3400 g.
393 3332 424 3382 de
435 3333 508 3380 Orat.
523 3347 548 3392 r,
561 3333 586 3380 8.
612 3334 675 3400 Qeae
690 3329 735 3382 vis
782 3331 814 3383 ad
826 3331 1006 3392 Alexandrum,
1017 3349 1095 3401 remp.
1109 3331 1162 3384 sane
1174 3334 1269 3386 habue-

247 3397 301 3450 alia
312 3399 448 3468 potestant
463 3398 575 3470 dispersos
591 3397 734 3452 bemineru·
782 3411 850 3452 runt.
880 3404 958 3470 Vagae
979 3411 1003 3452 et
1020 3399 1141 3470 sylvestres
1159 3404 1271 3458 nationes

237 3475 306 3520 'num
325 3467 351 3521 'e'n
370 3467 445 3518 locum
468 3485 624 3536 congregare,
646 3479 689 3520 aut
716 3487 735 3521 a
782 3485 860 3540 neque
877 3469 972 3540 legatos
989 3472 1102 3532 mittunt,
1113 3489 1192 3541 neque
1201 3475 1270 3538 judi·

240 3536 306 3606 sera
317 3536 450 3606 agrestique
459 3535 521 3589 nita
532 3537 638 3588 adhunc
648 3537 733 3590 huma-
782 3539 822 3590 eia
832 3551 953 3600 exercent,
966 3540 1005 3592 sed
1016 3541 1131 3592 manibus
1149 3542 1234 3611 potius
1245 3554 1271 3596 et

248 3623 306 3658 num
324 3605 423 3667 cultum,
446 3603 590 3676 civilemque
610 3607 734 3670 deducere,
781 3609 898 3660 dentibus
916 3610 1092 3679 unguibusque
1107 3627 1157 3662 rem
1169 3623 1269 3680 gerunt,

248 3685 293 3730 aut
296 3677 354 3754 jem
364 3673 496 3746 constitutis,
507 3673 650 3727 civitatibus
661 3676 733 3744 leges,
783 3695 858 3748 quarn
875 3678 910 3729 lin
948 3679 968 3730 is
986 3691 1010 3732 et
1029 3680 1199 3732 oratione&c.
1228 3684 1270 3735 Ite

230 3762 231 3766 ¹
240 3739 350 3812 judicia,
363 3746 440 3813 jura,
463 3743 616 3813 describere?
639 3747 734 3798 Fabius
782 3749 867 3800 malim
876 3749 906 3799 de
917 3748 1001 3800 endere
1011 3748 1096 3800 Tullii
1117 3749 1268 3814 sententiam,

248 3827 334 3866 contra
343 3815 397 3866 haec
408 3814 444 3866 ita
455 3813 575 3883 disputat,
584 3825 614 3866 nt
625 3815 651 3866 in
662 3814 734 3885 vagis
783 3833 859 3886 quarn
876 3831 934 3869 cnm
954 3818 1018 3870 Pino
1037 3835 1134 3887 negare,
1148 3819 1219 3872 illum
1238 3821 1270 3880 de

237 3885 323 3948 'etiam
334 3885 452 3954 gentibus
463 3881 609 3952 eloquentiae
626 3881 735 3953 aliquem
782 3887 878 3956 origine
899 3898 924 3937 et
946 3888 1026 3957 primo
1053 3889 1097 3938 usu
1123 3889 1270 3958 eloquentie

248 3951 319 4004 usum
337 3953 381 4011 else
398 3953 540 4006 continnet:
559 3953 638 4004 nescio
658 3971 737 4022 quarn
783 3971 864 4025 agere.
886 3957 957 4008 Licet
974 3958 1039 4008 enirn
1050 3973 1099 4008 non
1116 3959 1141 4010 id
1154 3961 1269 4028 ngatCi-

249 4021 319 4073 bene.
343 4024 410 4074 Nani
428 4021 491 4076 illud
511 4040 559 4074 non
578 4021 734 4092 intelligitur,
784 4042 857 4089 cero,
874 4025 986 4077 tamensi
1002 4029 1218 4097 verumest',quod
1230 4031 1269 4082 di-

249 4093 307 4158 qnie
323 4092 481 4154 accusationi,
492 4090 632 4154 defensioni,
643 4091 735 4145 delibe-
784 4093 829 4155 cit,
839 4095 948 4166 primurn
961 4095 999 4152 ibi
1010 4107 1094 4150 exorte
1105 4097 1137 4153 est
1153 4093 1269 4170 eloquen-

249 4161 349 4220 rationi,
361 4160 477 4231 laudique
496 4163 556 4214 adeo
575 4173 619 4214 ant
639 4162 736 4232 vitupe-
785 4164 830 4218 tia.

249 4229 288 4284 tio
299 4227 368 4284 locus
379 4229 408 4284 fit
419 4230 484 4303 apud
496 4250 546 4297 eos,
559 4235 603 4304 qui
614 4231 683 4286 nullo
699 4233 736 4287 ci-
