2938 4910
214 455 217 466 ,
242 401 305 464 430
480 381 526 446 Μ.
548 383 674 446 rann
698 379 1057 448 uoluerimus

241 571 316 616 men
331 548 514 616 alerentur.
557 547 671 617 iatine
695 549 748 633 (ad
770 551 902 615 verbum
917 551 1124 616 transsatam*
1145 573 1207 620 non
1221 555 1276 620 in·
1292 567 1318 642 5

241 636 349 718 venio)
373 635 559 723 absolutoriae
580 633 763 722 appellant:
786 637 930 700 etenim‘
948 637 989 700 de
1004 659 1038 702 re
1058 637 1122 703 sola
1135 642 1275 726 quaestio,

234 723 321 812 justa
343 722 380 786 srt
403 743 452 798 ea,
468 741 592 786 neone:
614 720 728 807 oresium
753 741 850 785 omne
876 723 1060 788 continetur
1080 737 1202 804 necaro,
1224 727 1277 792 rel

242 807 460 892 corfiilatione:
483 818 606 885 natura,
634 805 746 892 quodi
773 807 808 870 fit
832 807 1005 872 secundum
1030 807 1203 896 cujusqueh
1227 813 1276 877 rei

241 894 273 960 di
303 893 446 956 nitatem.
492 892 590 956 Haeci
611 891 683 954 sunt
702 891 809 978 pietas,
824 892 919 978 fidos,
936 893 1123 973 continentia,
1139 909 1172 959 et
1186 897 1273 962 talia.
1291 899 1316 961 6

242 915 412 1066 Adjiciunt
435 989 468 1040 et
492 975 538 1055 id,
554 975 642 1064 quod
666 977 729 1040 fit*
753 992 822 1064 par.
867 979 990 1042 Verum
1014 979 1046 1043 id
1069 1001 1133 1044 non
1153 993 1277 1048 temere

241 1061 432 1128 intuendum
458 1062 523 1126 est:
547 1083 621 1126 nam
643 1073 678 1124 et
701 1062 749 1125 vir
771 1074 872 1126 rantra
892 1064 967 1142 vim,
983 1076 1017 1126 et
1031 1063 1104 1128 tolio
1118 1065 1198 1130 nihil
1213 1067 1275 1131 har-¹

240 1149 319 1218 bert
334 1145 496 1212 adversum
512 1167 599 1225 eum,
614 1145 671 1234 qui
685 1148 770 1234 prior
784 1147 872 1226 fecit,
885 1147 1044 1236 injustitia
1056 1156 1083 1212 ¹:
1107 1161 1140 1214 et
1150 1163 1172 1190 ¹¹³
1195 1173 1275 1234 non,

242 1233 395 1324 quoniam
419 1253 469 1296 res
493 1253 582 1318 pares
603 1229 688 1310 sunt,
703 1232 801 1296 etiem
821 1232 911 1297 idest
928 1233 1061 1322 justum,
1078 1233 1166 1320 quod
1182 1251 1276 1302 ante-

240 1321 340 1386 cellit.
385 1315 445 1381 illa
459 1317 724 1404 utrimquejusta,
738 1317 850 1381 eadem
867 1319 924 1398 lex,
940 1317 1051 1385 eadem
1066 1320 1213 1384 conditior
1236 1345 1277 1387 ac

240 1403 368 1470 forsitan
384 1415 450 1466 ne·
472 1402 531 1464 srnt
546 1401 677 1488 quidem
703 1404 799 1488 paria,
815 1425 888 1489 quae
910 1403 976 1467 ulla
996 1416 1083 1489 parte
1102 1406 1175 1468 sunt
1188 1406 1274 1471 disli-

240 1491 344 1556 milia.
390 1489 451 1552 Coa
474 1488 560 1551 italio
573 1487 616 1550 est
630 1486 662 1550 in
679 1487 754 1574 Iege,
771 1511 859 1566 more,
872 1490 1025 1576 judicato,
1039 1497 1135 1574 patio.
1179 1492 1273 1556 Alte·
1290 1510 1311 1578 7

241 1597 314 1642 rum
330 1575 373 1640 est
387 1573 427 1636 de
442 1573 574 1636 unionis
613 1593 703 1645 enus,
720 1573 752 1635 in
768 1594 835 1670 quo
849 1571 969 1640 fabium
983 1592 1038 1658 per
1062 1573 1093 1636 se
1112 1573 1275 1661 improba·

240 1660 307 1728 bile
321 1657 461 1724 assumtis
476 1657 578 1721 extriu
594 1677 669 1720 eous
684 1657 810 1721 auxiliis
825 1669 973 1724 tuemur:
998 1657 1031 1722 id
1045 1671 1162 1722 vocant
1183 1685 1275 1744 eapro-

241 1744 387 1823 ληνντνκὴν.
433 1741 539 1806 Latini
555 1742 618 1806 hoc
633 1765 677 1829 qu
723 1765 783 1806 ue:
808 1761 882 1808 nam
895 1753 908 1780 ⁰
930 1745 969 1809 ad
992 1743 1125 1808 verbum
1139 1743 1274 1808 transies

240 1837 365 1890 runtr:
400 1827 561 1912 czffiema'w
585 1763 816 1891 animodicitur
844 1832 955 1916 ιἰινιβα.1
1000 1828 1037 1892 In
1064 1851 1130 1916 quo
1157 1833 1311 1915 generosi

240 1909 442 1975 fortissimum
466 1912 555 1990 est‚fi
580 1911 700 1976 crimen
724 1913 827 1976 caussa
848 1915 924 1980 sardii
952 1929 1090 1990 tuemur,
1107 1915 1210 2000 qualis·
1232 1915 1276 1977 est

241 1997 364 2082 δςβτνψο
392 1995 511 2083 Orestis,
530 1997 623 2060 oratio
647 1997 799 2060 Milonis:
832 1999 1021 2084 ἁντὲγκλημα
1046 1997 1174 2078 dicitur,
1200 2000 1276 2086 quia

241 2083 348 2146 omnis
369 2084 469 2145 nostra
491 2081 628 2146 defensio
649 2084 767 2146 conllat
787 2082 856 2168 ejun
871 2081 1081 2160 accusatione,
1097 2084 1154 2168 qui
1168 2083 1274 2148 vindis

240 2179 344 2231 catur.
390 2167 459 2231 Occi
472 2170 507 2230 ies
521 2167 570 2253 est,
583 2168 644 2252 fid
659 2166 736 2231 latro
747 2191 757 2246 3
782 2169 1007 2255 exstaturused
1020 2181 1134 2255 raptor.
1178 2169 1309 2260 Estet9

274 2383 286 2415 ‘¹
305 2386 445 2434 transsatum
456 2385 488 2432 G.
569 2389 580 2415 ²
599 2385 705 2432 absoluta
717 2384 850 2446 appellatur
862 2386 891 2431 G.
903 2385 966 2433 lens.
1042 2383 1053 2416 f
1069 2386 1108 2434 sed
1118 2387 1184 2436 enim
1194 2405 1274 2447 ornnes,

241 2449 455 2516 qoodscr'am.v.n.
534 2451 621 2510 ⁸quid
634 2452 664 2496 G.
731 2450 931 2510 ''ejusquelenl
996 2447 1146 2501 ¹llicJens.
1210 2451 1274 2500 ¹‘lic

241 2515 376 2578 perversum
388 2516 418 2562 G.
430 2514 493 2562 lens.
500 2516 612 2577 perverse.
699 2515 705 2550 1
723 2513 808 2571 injulle
819 2515 859 2559 iid.
878 2515 933 2561 Vid.
947 2513 989 2574 leg.
1001 2515 1089 2573 injusti.
1172 2521 1191 2546 ω
1213 2516 1276 2562 Ferri·

241 2579 285 2642 leg.
298 2579 344 2628 sed.
441 2587 453 2614 ¹¹
473 2593 517 2628 nec
528 2580 592 2626 Jenl.
689 2584 700 2608 ⁰
722 2579 762 2624 Sic
773 2579 803 2623 G.
815 2590 836 2624 er
843 2579 904 2640 plur.
916 2589 953 2640 ap.
966 2581 1044 2626 Βννννι.
1057 2595 1108 2628 non
1119 2581 1162 2644 ipse
1173 2597 1221 2628 cum
1233 2580 1274 2628 rel.

241 2649 254 2684 P
269 2643 439 2692 transtulemut
450 2643 481 2691 G.
545 2653 557 2691 ⁴1
574 2653 712 2691 excoecatus
724 2643 755 2688 G.
764 2643 827 2690 lens.
840 2654 860 2689 et
867 2643 942 2706 plures
953 2653 991 2705 ap.
1001 2645 1080 2691 Burm.
1270 2653 1273 2658 ·

239 2805 344 2859 honores
379 2816 469 2876 petere,
497 2823 598 2858 uxorem
632 2803 732 2857 ducere.
782 2804 948 2874 quentislirnas
967 2805 1080 2857 Gothani
1098 2805 1190 2856 codicia
1208 2807 1273 2873 circa

240 2877 314 2928 Hunc
333 2875 475 2928 sententiam
491 2893 572 2936 nemo,
586 2873 662 2943 spero,
674 2893 733 2926 con·
783 2876 912 2926 verborum
924 2876 1032 2926 ordinem
1044 2875 1183 2936 varietates,
1197 2878 1273 2944 (quas

240 2957 343 2998 temnet.
368 2947 456 3014 Operae
467 2947 572 3016 pretium
585 2943 647 2995 sorte
658 2943 734 2996 fuerit
783 2943 899 2996 adnotare
916 2947 949 2996 ob
970 2945 995 2996 id
1017 2944 1095 3013 ipsum
1114 2942 1194 3006 nolui,
1206 2947 1273 3013 quod

240 3016 332 3078 ridere,
350 3032 409 3066 num
432 3015 484 3068 haec
505 3015 541 3066 vel
565 3014 653 3066 melior
673 3014 734 3066 adeo
778 3011 838 3064 sunt
856 3014 930 3064 nimis
947 3015 1052 3080 crebrae)
1072 3030 1121 3064 non
1139 3014 1168 3066 fit
1181 3015 1273 3084 impro-

238 3085 310 3156 polsrt
330 3084 425 3155 percipi
444 3083 561 3136 sententia
582 3101 612 3134 ex
630 3083 732 3138 leslione
782 3083 864 3134 babile
875 3083 982 3136 Fabium
998 3083 1043 3146 ita,
1056 3093 1085 3134 ut
1101 3083 1176 3136 modo
1192 3083 1271 3154 posui,

238 3166 263 3205 et
275 3153 428 3206 distinetione
440 3155 520 3205 adhuc
535 3163 642 3223 recepta,
654 3170 731 3221 quam
780 3152 878 3203 dedisse

239 3223 281 3275 lric
293 3240 438 3294 proponam.
454 3223 555 3274 Partem
565 3223 629 3273 hanc
638 3234 734 3274 vocant
820 3241 845 3288 ς.
861 3221 948 3271 etenim
959 3221 1039 3286 dere]
1064 3222 1203 3274 Videbatur
1219 3222 1272 3276 haec

241 3290 405 3359 Hermagorei
425 3293 477 3339 κατ’
498 3292 618 3354 ἀντίληψιν,
638 3293 674 3343 ad
694 3293 732 3342 in·
781 3291 854 3344 nobis
873 3292 939 3342 eirca
958 3303 1079 3343 mutatam
1098 3291 1224 3344 ledlionem
1242 3291 1273 3345 li-

239 3361 359 3414 tellebiam
369 3359 399 3412 id
408 3375 491 3412 nomen
508 3359 649 3425 referentes.
681 3363 732 3413 La-
781 3362 861 3413 centia
878 3361 958 3412 sumta
975 3359 1109 3429 pudenter:
1129 3361 1185 3422 Sed,
1197 3363 1274 3414 nimir

239 3431 291 3482 tine
302 3428 453 3482 adverbum
468 3427 615 3495 translatam
632 3448 678 3482 non
695 3433 733 3482 in·
782 3430 822 3480 hic
841 3432 1018 3499 importunum,
1031 3431 1081 3480 irru
1101 3431 1132 3489 it,
1144 3430 1273 3500 postquam

241 3501 333 3553 venio:
347 3499 483 3552 absolutam
496 3496 627 3566 appellant.
647 3501 697 3550 Sed
705 3519 731 3551 e·
781 3499 904 3568 superiora
915 3500 979 3554 male
991 3497 1059 3550 intell
1098 3499 1273 3552 aetdilirafla

241 3571 292 3622 nim
302 3572 333 3622 de
348 3586 376 3619 re
385 3567 441 3638 [οἱα
458 3565 559 3636 questio,
570 3567 639 3638 justa
643 3569 677 3636 fit
690 3587 731 3633 ea,
781 3569 862 3620 essent.
887 3567 1046 3621 Manifestum
1060 3569 1091 3618 est
1102 3569 1221 3621 contineri
1232 3571 1272 3622 hia

238 3655 331 3691 necne:
351 3639 444 3708 justum
467 3651 533 3686 omne
556 3636 605 3689 ὅτε.
635 3639 732 3690 Obscu-
781 3639 862 3689 verbis
881 3639 1008 3698 rationem,
1021 3637 1185 3757 curabsoluta
1201 3657 1272 3690 voce,

169 3751 172 3765 .
240 3713 318 3760 rando
328 3707 386 3759 huic
399 3708 453 3758 loco
464 3706 570 3775 primam
585 3707 733 3760 occasionem
782 3719 823 3758 tur
839 3712 849 3756 ἡ
865 3707 918 3755 eea*
931 3706 1045 3764 inlaeso
1060 3707 1090 3758 de
1102 3707 1179 3760 ensro:
1199 3721 1273 3776 porro

239 3779 338 3831 videtur
354 3775 442 3828 dedisse
459 3774 613 3844 parenthesis,
625 3779 661 3828 ad
670 3793 734 3830 ver·-
781 3777 902 3828 rationem
914 3775 1044 3844 adjungere
1055 3775 1211 3846 propositioni
1223 3774 1273 3828 sua

239 3846 297 3898 brem
306 3847 453 3912 translatam
464 3859 510 3895 non
520 3842 629 3898 invenio.
648 3847 734 3899 Multo
781 3862 826 3915 per
836 3845 886 3916 sed
903 3861 953 3895 non
971 3844 1055 3906 solent,
1075 3847 1120 3915 qui
1140 3861 1189 3897 non
1208 3846 1272 3898 insa-

239 3915 340 3968 mollius
355 3915 460 3966 sluerent
475 3914 598 3975 omnia,s1
615 3918 650 3968 ita
668 3917 733 3986 lege·
782 3916 864 3966 niunt.

239 3997 316 4048 retur,
338 3985 440 4036 Partem
459 3981 485 4034 h.
507 4000 539 4034 v.
561 3985 597 4034 H.
618 4007 641 4035 ι.
660 3989 732 4035 enta.
817 3989 843 4036 8.
856 3981 934 4034 erario
943 3979 1053 4046 Milonis]
1069 3985 1094 4034 Si
1106 3983 1138 4034 ell
1150 4002 1164 4036 a
1176 3983 1273 4056 Qinc·

238 4054 391 4106 adverbum
402 4052 644 4122 Larinetrarytatum
654 4053 732 4106 idno-
780 4053 877 4114 tiliano,
888 4051 964 4104 oratio
976 4051 1008 4102 eli
1024 4051 1126 4119 defensio
1139 4055 1214 4104 etiam
1229 4071 1274 4122 per

241 4141 297 4176 men
319 4140 365 4176 non
386 4121 508 4187 invenio;
537 4124 574 4173 aa
589 4122 732 4175 intellectilem
780 4122 857 4174 alium
880 4121 955 4173 fasta.
992 4121 1083 4187 Neque
1100 4123 1176 4184 enirn,
1199 4133 1272 4192 puto,

239 4193 372 4258 reserentes
383 4191 520 4244 absolutam
532 4191 662 4260 appellant.
678 4194 732 4244 Mi·
780 4192 846 4244 lllilo
859 4207 903 4260 pru
914 4191 936 4241 se
949 4189 997 4258 ipse
1009 4190 1081 4242 dixit.

239 4262 273 4316 hi·
290 4265 401 4334 quidem,
421 4264 466 4331 qui
485 4261 661 4316 observaverim
683 4261 733 4313 lie·
816 4257 842 4316 82
867 4260 984 4332 exfi’tius,
994 4261 1043 4329 sed
1059 4260 1161 4334 raptor]
1185 4259 1274 4314 Nolim
