3024 4916
429 362 598 435 insum.
618 370 819 432 crinon.
840 371 925 433 nin.
944 369 1000 434 iii.
1020 389 1050 448 3.
1200 385 1256 460 155

228 545 325 624 utque
340 534 572 602 elocutionem:
595 557 645 600 res
660 557 698 600 ac
713 533 943 621 dispostionem
959 532 1149 616 inventioni,
1162 537 1259 606 verbu

228 633 262 686 et
276 621 567 706 pronuntiationem
581 620 756 686 elocutioni
770 619 873 686 dedit:
897 620 1124 708 quintamque¹
1140 623 1256 686 consii-

227 705 292 770 tuit
314 728 531 786 communem,
546 729 583 772 ac
607 705 696 770 velut
720 705 880 769 custodem
905 705 1063 786 omnium,
1078 708 1256 776 memoriam.

229 789 320 854 Idem
343 791 375 854 in
397 791 531 869 Oratore,
545 791 687 877 quinque
701 791 796 854 rebus
812 791 949 856 constare
967 789 1019 854 elo
1044 793 1183 867 ueritiam
1206 793 1256 858 di-

229 875 296 940 cit:
320 875 353 940 in
375 877 492 962 quibus
506 879 640 975 posteam
665 874 784 960 scriptis
806 875 920 939 certior
935 874 1003 962 ejus
1020 813 1182 941 lenientis
1202 879 1257 946 est.

196 955 306 1024 8Non
321 961 428 1032 minus
441 961 523 1026 mihi
538 959 646 1048 cupidi
665 959 813 1026 novitatis
838 959 971 1047 alicujus
991 960 1138 1026 videntur
1157 961 1259 1042 suine,

179 1091 182 1096 ,
252 1045 285 1108 ui
300 1045 484 1130 adjecerunt
497 1047 635 1126 ordinem,
651 1067 726 1110 cum
742 1044 972 1131 dispositionem
988 1044 1148 1110 dixissent:
1172 1049 1257 1135 quusi

166 1157 169 1164 ¹
227 1067 316 1194 iliud
331 1133 367 1194 sit
380 1129 548 1216 dispositio,
562 1153 659 1217 quam
675 1121 800 1194 rerumn
816 1130 925 1196 ordine
939 1151 1035 1277 poam
1050 1131 1173 1216 optimo
1187 1131 1255 1198 col·

226 1213 359 1280 locatio.
402 1216 490 1280 Dion
516 1215 733 1280 inventionem
748 1216 845 1278 modo
859 1228 893 1280 et
906 1214 940 1280 di
952 1215 1138 1301 positionem
1158 1217 1257 1284 tradi·

227 1299 289 1379 dit,
302 1300 354 1364 sed
377 1313 545 1398 utramque
569 1299 741 1386 duplicem,
761 1323 880 1380 rerum,
899 1321 937 1364 oc
962 1301 1142 1380 verborum,
1160 1315 1198 1366 ut
1221 1303 1260 1370 sit

228 1383 369 1450 elocutio
384 1385 587 1463 inventionis,
601 1385 818 1470 pronuntiatio
833 1384 1055 1532 dispositionis:
1080 1386 1130 1448 his
1145 1387 1258 1473 quinta

227 1490 300 1554 pars
323 1470 460 1534 memorio
482 1470 624 1536 accedat.
666 1467 847 1534 Theodorei
902 1491 935 1533 re
955 1469 1170 1538 inventionem
1194 1471 1256 1536 du·

228 1553 359 1640 plicem,
385 1557 494 1635 rerum,
509 1568 605 1642 atque
627 1553 933 1633 elocutionis,deinde
958 1567 1022 1619 tres
1047 1568 1169 1620 ceteras
1182 1576 1255 1643 pat-

196 1651 289 1721 9tes.
334 1641 562 1726 Hermagorae,
575 1637 747 1727 judicium,
762 1639 979 1724 partitionem,
994 1639 1153 1721 ordinem,
1167 1663 1257 1728 quae·
1365 1692 1367 1696 .

230 1745 295 1810 que
317 1723 506 1790 elocutionis
529 1725 612 1804 sunt,
626 1722 754 1809 subjicit
764 1737 777 1764 ⁰
805 1725 976 1802 oeconomica,
988 1747 1060 1810 qure
1074 1727 1187 1791 Graece
1199 1748 1257 1814 ap-

230 1807 348 1896 pellata
362 1831 401 1872 cx
415 1831 491 1874 cura
505 1831 608 1874 rerum
625 1807 878 1890 domesticarum,
893 1822 926 1874 et
941 1809 994 1874 hic
1007 1832 1062 1896 per
1075 1811 1258 1880 abusionem

177 1893 338 1979 inposita,
363 1893 493 1960 nomine
515 1891 631 1963 Latino
654 1906 751 1958 caret.
795 1895 847 1958 Est
870 1906 904 1958 et
927 1893 1012 1958 circa
1031 1894 1094 1959 hoc
1115 1896 1258 1980 questio,

228 1978 317 2063 quod
342 1978 508 2043 memoriam
535 1981 569 2043 in
594 1979 705 2044 ordine
731 1978 866 2063 partium
896 1979 1054 2076 quidamp
1082 1981 1260 2061 inventioni,

229 2061 360 2150 quidam
376 2064 551 2152 dffposttioni
569 2063 821 2150 subjunxerunt:
845 2065 937 2128 nobis
961 2075 1091 2150 quartus
1114 2063 1183 2152 ejus
1206 2066 1257 2130 lo·

229 2169 287 2211 cus
301 2149 440 2212 maxime
454 2149 568 2237 placet.
612 2149 689 2212 Non
703 2148 789 2212 enim
806 2148 934 2212 inventa
946 2160 1072 2214 tantuin
1088 2163 1206 2229 tenere,
1220 2163 1259 2216 ut

226 2230 438 2318 disponamus,
454 2257 513 2299 nec
537 2233 679 2320 disposita
699 2247 737 2298 ut
757 2233 954 2320 eloquamur,
967 2233 1019 2298 sed
1042 2234 1136 2300 etiam
1152 2237 1258 2302 verbis

228 2313 364 2394 formata
376 2320 539 2384 memoriae
562 2317 709 2382 mandare
730 2317 897 2383 debemus.
942 2321 1014 2383 Hae
1036 2320 1122 2385 enim
1137 2321 1259 2404 omnia,

174 2423 214 2474 11
230 2423 441 2488 quoecumque
456 2399 678 2471 in'orationem
699 2403 816 2469 collata
830 2403 913 2480 sunt,
928 2403 1144 2470 continentur.
1189 2407 1253 2470 Fu-

229 2498 322 2550 erunt
335 2487 431 2552 etiarn
447 2487 481 2551 in
495 2487 556 2552 hac
569 2486 717 2574 opinione
731 2509 794 2550 non
810 2488 913 2573 pauci,
928 2501 964 2552 ut
978 2487 1036 2552 has
1058 2511 1122 2552 non
1145 2489 1254 2555 Rheto-

228 2570 301 2634 rices
314 2585 418 2658 partes
432 2572 491 2638 esse
505 2573 726 2652 existimarent,
742 2572 794 2636 sed
809 2594 903 2658 opera
916 2573 1063 2638 oratoris:
1087 2575 1155 2638 e'us
1169 2576 1256 2640 enim

228 2655 289 2720 esse
302 2655 455 2735 invenire,
470 2657 644 2743 disponere,
658 2656 777 2743 eloqui,
791 2664 825 2722 et
845 2669 961 2722 cetera.
1007 2599 1113 2723 Quod
1128 2661 1148 2722 fi
1171 2659 1256 2726 ecci·

177 2759 218 2819 12
229 2739 335 2836 pimus
346 2755 372 2818 t,
386 2741 468 2805 nihil
482 2743 541 2806 arti
555 2741 783 2828 relinquemus.
825 2743 911 2807 Nam
931 2742 1000 2806 beru
1020 2742 1168 2829 dicereqll
1185 2769 1256 2810 ora-

263 2938 270 2970 ¹
287 2939 399 3002 quintum
410 2955 506 3003 quoque
517 2939 547 2989 G.
558 2937 622 2990 Jens.
686 2946 706 2974 ¹¹²
725 2956 803 3002 poena
813 2941 849 2989 li'c
858 2954 880 2991 et
890 2942 947 2992 alias
957 2944 1020 3008 sape
1031 2945 1061 2992 G.
1072 2962 1143 2994 errore
1153 2946 1253 3008 ridicule,

221 3003 267 3070 fid
280 3005 320 3070 qui
326 3005 399 3067 fidem
415 3006 493 3052 codicis
503 3005 597 3068 ostendat
607 3006 631 3051 in
641 3005 701 3053 aliis.
719 3007 770 3054 Vid.
777 3009 848 3069 praes.
936 3014 948 3037 ¹²
966 3010 992 3056 in
1007 3011 1116 3058 ordinem
1127 3026 1201 3072 quam
1213 3027 1256 3074 op-

229 3069 291 3118 time
305 3069 336 3118 G.
400 3075 413 3100 ⁰
431 3070 530 3130 subjecit
541 3071 570 3117 G.
580 3071 643 3120 Jens.
706 3075 719 3112 Ρ
734 3073 833 3134 quidam
844 3073 976 3122 inventioni
987 3092 1027 3121 om.
1040 3075 1071 3124 G.
1115 3084 1134 3136 ‚t
1153 3077 1257 3139 occipia-

229 3133 475 3200 mus-relinquimus
486 3136 517 3184 G.
527 3136 591 3184 sens.
1085 3153 1087 3162 ·

264 3313 291 3360 7.
316 3295 342 3348 in
359 3297 479 3362 Oratore]
509 3297 592 3350 Immo
609 3296 634 3349 in
652 3294 717 3350 libro
765 3295 830 3360 sinit,
840 3309 864 3350 et
880 3300 913 3352 ab
931 3295 1037 3354 aliorum
1054 3301 1192 3354 rationibus
1209 3303 1256 3356 ab·

229 3365 311 3435 primo
328 3365 359 3416 de
379 3369 482 3419 Oratore
502 3383 525 3417 e.
549 3384 592 3429 31·
611 3369 717 3436 Cumque
764 3367 901 3420 hortentius
916 3371 1033 3423 niniiimn
1045 3369 1207 3424 elocutionem
1216 3391 1255 3425 re·

228 3433 367 3512 ffromm‘s
383 3435 486 3487 oratoris
502 3433 545 3487 vis
562 3452 593 3486 ac
603 3435 718 3503 facultas
765 3435 823 3488 serii
844 3437 875 3488 ad
903 3441 1077 3502 inventionem,
1104 3441 1255 3510 dispostioni

228 3501 369 3572 inquirique
381 3513 467 3583 partes
484 3503 660 3572 distributa‚ut
676 3506 718 3558 de-
765 3525 822 3558 vero
840 3509 1064 3578 pronuntiationem
1085 3507 1184 3576 subjici.
1211 3512 1255 3563 lin

229 3571 599 3642 beretrcpmreprimumquid
607 3574 716 3626 diceret:
765 3579 849 3630 ventio
877 3579 942 3630 enim
965 3581 1096 3632 verborum
1122 3580 1256 3632 secundum

229 3640 315 3694 deinde
336 3641 444 3694 inventa
465 3659 511 3694 non
525 3641 604 3710 solum
622 3643 716 3706 ordine,
765 3644 831 3698 hunc
849 3647 882 3699 esi
897 3647 1016 3712 elocutio,
1029 3647 1153 3720 dispositio
1169 3653 1260 3704 eorum,

222 3709 364 3780 sedetiam
384 3721 499 3762 momento
518 3712 620 3780 quodam
643 3723 718 3781 atque
764 3717 943 3786 pronuntiatio.
969 3769 970 3774 ,

222 3777 315 3848 judicio
327 3779 463 3859 dispensare
479 3789 551 3848 atque
564 3789 715 3849 componeres
801 3805 827 3853 9.
846 3785 939 3837 nomine
956 3785 1044 3840 Latino
1062 3787 1142 3852 caret]
1162 3786 1257 3844 Marti-

227 3857 280 3902 tum
291 3865 321 3902 ea
337 3851 437 3918 denique
448 3849 538 3918 veslire
548 3859 621 3918 atque
630 3862 718 3902 ornare
766 3852 1135 3927 anusvocatdrspensatt'onemi
1149 3855 1188 3908 sed
1201 3859 1257 3912 vide
1356 3909 1358 3920 ,

229 3917 352 3972 oratione.-
367 3919 417 3988 post
434 3919 549 3992 memoria
551 3918 663 4039 s‘s’im
682 3915 722 3970 ad
767 3923 904 3993 Sulpicium
923 3925 1048 3978 Visloreiii
1067 3925 1148 3978 Rhet.
1162 3943 1191 3978 ac
1212 3929 1254 3982 M.

229 3995 366 4044 extremum
381 4005 456 4057 agere
478 4006 531 4043 cum
568 3999 671 4056 ignitam
693 3998 717 4040 et
767 3993 933 4062 Silonemqui
941 3993 1093 4047 oeconomiam
1103 3994 1255 4050 artificialem

229 4057 367 4124 venustate.
659 4087 661 4092 ·
767 4061 1255 4133 dicit,dt'spofitionemautunnatu'ralem.

267 4126 292 4175 8.
311 4134 339 4175 ut
347 4123 503 4191 sttelocutio]
530 4125 606 4178 Ponit
623 4137 720 4178 eatan·
768 4131 1016 4204 HaecRegiusadh.
1029 4132 1048 4186 l.
1238 4139 1241 4144 '

231 4199 295 4256 turn,
307 4211 365 4272 que
377 4195 402 4251 iu
413 4195 458 4248 hac
469 4195 584 4251 divisione
596 4195 724 4268 paradoxa.
