3024 4912
260 419 317 485 ¹74
475 409 543 506 ⁴ni.
565 407 690 468 naun
712 405 1062 468 numantiam

253 593 349 660 quam
365 593 423 636 noa
438 573 522 638 varie
542 571 764 661 tratssatiaam,
781 573 1031 659 traiffltmtivam,
1047 572 1286 662 transposttivam

234 679 425 738 ,vocamu83
453 659 659 742 συλλογισμὸν,
684 679 781 742 quem
804 660 980 745 accipimus
1005 657 1282 744 ratiocinativum,

254 742 306 808 vel
330 741 535 818 collattiaum3
560 741 778 830 ambiguitatis,
799 765 871 830 quae
894 744 1052 826 ἁμφιξολὶα
1078 745 1283 813 nominatur:

254 849 337 916 qnos
364 827 464 923 posui,
488 826 563 912 qnia
588 840 621 890 et
646 829 699 914 ipsi
726 849 746 892 a
770 827 927 916 plerisque
941 825 1042 910 statas
1063 829 1281 926 appellantur:

278 913 444 980 uibuldam
473 910 585 997 legales
613 913 719 996 potius
744 914 912 1002 quaestiones
942 933 995 976 eas
1023 912 1088 976 dici
1124 915 1244 1000 placuit
1257 921 1283 986 ¹³.

291 1013 404 1063 uatuor
424 997 501 1062 fecit
521 996 712 1077 Athenaeus,
727 997 920 1078 προτρεπτικὴν
935 995 1032 1075 adaia,
1050 999 1099 1062 vel
1121 1025 1284 1081 aapaaam·

254 1085 303 1164 κήν
313 1098 336 1155 ⁶,
351 1084 384 1148 id
398 1085 441 1148 est
455 1083 684 1160 exhortativum,
700 1083 779 1171 quit¹
795 1077 936 1144 suasoria
951 1079 994 1142 est
1008 1084 1171 1170 proprium
1190 1107 1285 1146 aaaro-

255 1169 347 1248 λικήν,
363 1191 428 1256 qua
453 1169 643 1256 cotq'ataram
668 1167 846 1256 significari,
865 1162 970 1252 magis
993 1187 1033 1230 ex
1057 1169 1120 1250 his,
1137 1191 1211 1253 quae
1235 1167 1284 1230 ie-

254 1268 411 1335 quuntur‚
438 1276 536 1340 quam
558 1274 598 1316 ex
624 1253 690 1340 ipso
712 1251 843 1318 nomine
863 1263 1013 1336 apparet⁰
1025 1277 1036 1331 ς
1053 1250 1285 1344 {mammanti-

256 1355 294 1398 ea
306 1339 413 1427 finitio
435 1341 490 1418 est,
505 1340 684 1404 mutatione
706 1339 791 1404 enim
811 1337 952 1402 nominis
964 1339 1085 1402 constat
1098 1361 1106 1414 ;
1119 1334 1286 1423 juridicia-

256 1417 326 1506 lem,-
340 1425 451 1490 eadem
476 1423 686 1509 appellatione
710 1428 835 1502 Graeca,
856 1443 920 1510 qua
942 1425 1051 1502 ceteri,
1068 1423 1155 1488 usus.
1197 1422 1285 1484 Nam

256 1508 300 1570 eil
318 1515 369 1594 (ut
392 1511 472 1592 dixi)
498 1507 602 1572 multa
622 1511 655 1574 in
681 1510 866 1574 nominibus
889 1506 1078 1573 differentia.
1123 1509 1206 1572 Sunt
1227 1504 1285 1592 qui

256 1589 470 1673 anatomiam
493 1593 713 1694 translationem
738 1595 819 1660 else‘
846 1592 1035 1673 existiment,
1058 1592 1180 1658 secutit
1203 1590 1285 1654 hanc

254 1677 442 1744 mutationis
463 1679 736 1767 hgnihcationem.
781 1684 937 1746 Fecerunt
950 1679 1005 1743 alii
1027 1679 1163 1744 totidem
1179 1677 1284 1755 slatus,

255 1759 310 1826 sed
324 1761 414 1841 aliua,
430 1763 483 1828 Aa
497 1767 574 1846 fit?
597 1767 678 1832 that
689 1767 764 1850 sit?
788 1764 884 1830 Ouala
897 1765 970 1850 sit?
993 1761 1228 1851 Quantamstt?
1248 1775 1286 1825 ut

259 1847 411 1915 Caecitius
433 1865 468 1914 et
493 1851 621 1917 Theon.
664 1851 849 1916 Aristoteles
872 1851 904 1913 in
930 1850 1098 1915 rhetoricis
1123 1849 1221 1912 etiam
1244 1847 1285 1912 tic

257 1955 354 1999 omne
370 1957 451 2020 opus
473 1936 599 2015 dividit,
620 1937 652 2000 in
676 1939 844 2016 veritatem,
864 1949 898 2000 et
918 1937 1044 2022 peteuda
1070 1961 1105 1999 ac
1114 1933 1283 2020 fugienda,

245 2019 343 2105 ‚quod
359 2021 400 2082 est
415 2019 570 2101 suasoriae,
585 2037 618 2086 et
633 2023 694 2086 dal
718 2025 814 2088 eodem
838 2034 926 2107 atqua
940 2021 1018 2084 alia:
1049 2019 1213 2106 partiendo
1233 2031 1283 2082 ta-

256 2127 332 2170 men
352 2104 393 2172 ad
417 2105 479 2171 hoc
502 2108 657 2192 pervenit,
673 2108 732 2172 ut¹
755 2109 812 2172 Am
823 2107 898 2192 ſst?
923 2105 1005 2190 Quid
1015 2108 1035 2185 ¹,
1053 2105 1157 2184 Oaale,
1177 2105 1284 2190 Quan-

258 2201 332 2269 tum,
347 2203 380 2255 et
397 2191 495 2276 Quam
509 2191 706 2278 maltamstt?
727 2191 934 2280 quaerendum
949 2204 1041 2278 putet
1055 2204 1086 2255 ¹¹¹.
1132 2188 1284 2257 Quodam

258 2288 366 2340 tamen
391 2274 464 2341 loco
489 2277 643 2342 linitionis
666 2299 797 2366 quoque
819 2277 885 2341 vim
908 2277 1074 2364 intelligit,
1096 2287 1185 2364 quo¹¹
1206 2274 1286 2340 dicit

257 2360 405 2460 quaedam
420 2364 460 2426 fic
475 2361 613 2442 defendi,
630 2362 752 2452 Stylali,
758 2365 819 2450 sed
829 2387 888 2426 naa
901 2363 1120 2450 fartamfaci:
1144 2360 1284 2446 Percaffi,

1295 1030 1349 1111 46.

1296 1557 1338 1624 47

1296 1883 1338 1965 48

249 2447 380 2534 jadaiam
395 2447 537 2532 injuriam
547 2449 626 2535 fati.
671 2450 817 2530 Posuerat
832 2463 865 2512 et
883 2449 998 2513 Cicero
1014 2449 1048 2511 in
1070 2448 1160 2512 libris
1174 2445 1284 2510 rheto-

256 2532 341 2611 ricis,
345 2533 440 2618 fatti,
456 2535 590 2610 mominis,
600 2535 729 2624 generis,
745 2535 891 2600 atiimtis:
913 2548 951 2598 ut
965 2533 997 2596 in
1013 2532 1098 2597 fauo
1111 2533 1284 2619 comestura,

257 2617 291 2680 in
307 2620 436 2682 nomine
440 2620 557 2706 finitio,
574 2620 605 2683 in
622 2643 739 2708 genere
754 2620 899 2708 qualitas,
915 2619 947 2682 in
964 2619 1148 2706 attionojas
1163 2615 1284 2680 intolli-

256 2715 397 2790 geretur.
441 2705 514 2790 luri
534 2705 712 2793 subjecerat
723 2705 970 2770 transsationem.
1014 2706 1135 2769 Verum
1160 2702 1213 2766 hic
1237 2701 1286 2764 ln-

256 2788 348 2874 gales
377 2811 507 2878 quoque
533 2791 721 2877 quaestiones
744 2792 808 2855 alio
836 2790 909 2854 loco
938 2791 1052 2854 trattat
1078 2797 1141 2852 ut⁰
1168 2786 1286 2875 species

256 2873 403 2940 nationis.
444 2877 586 2941 Fuerunt
599 2877 655 2964 qui
669 2876 809 2942 facerent
822 2876 977 2962 quinque,
993 2876 1196 2951 aaa'ettaram,
1235 2873 1283 2935 ai-

257 2961 375 3041 tianem,
403 2960 588 3047 qualitatem,
618 2962 824 3050 quantitatem,
855 2963 899 3025 ad
925 2900 1053 3051 aliquitl
1094 2959 1148 3023 Th
1211 2979 1285 3022 orus

1296 2503 1340 2568 49

1295 2926 1341 2995 50

290 3171 302 3198 ¹
318 3165 436 3212 rationem
448 3165 480 3212 G.
609 3163 619 3196 ¹³
638 3165 753 3228 placuerit
764 3165 795 3212 G.
812 3181 853 3210 nm
864 3163 927 3212 male.
943 3163 1022 3228 Vats.
1035 3176 1073 3226 51.
1084 3163 1127 3226 sed
1137 3163 1230 3226 etiamſs
1243 3173 1283 3224 54.

259 3232 270 3258 ‘
289 3233 446 3291 napapaamnta
456 3229 487 3276 G.
500 3228 615 3292 etstajam
625 3231 698 3278 valuit
709 3231 799 3290 Regias.
873 3229 883 3264 d
901 3230 958 3291 qula
967 3229 1030 3276 Jenl'.
1100 3235 1109 3257 ⁸
1128 3239 1239 3289 appareat
1251 3227 1283 3275 id.

258 3289 370 3340 tamid,
436 3293 534 3340 ‘acuti
546 3297 577 3342 G.
642 3297 702 3342 lde
722 3295 857 3342 am.Burm.
923 3292 975 3340 *ut
986 3311 1025 3340 om.
1039 3295 1069 3341 G.
1081 3294 1145 3340 tent.
1192 3293 1284 3342 ¹0utd

257 3373 299 3406 om.
312 3357 342 3404 G.
359 3367 381 3404 a
394 3357 420 3406 V.
435 3356 462 3406 C.
473 3358 585 3408 Almelav.
597 3371 618 3406 et
629 3361 718 3408 videtur
728 3357 796 3422 abtffe
812 3357 896 3417 debere,
907 3357 1045 3423 quiastatim
1056 3357 1171 3406 finitionis
1175 3357 1284 3421 separata

258 3423 345 3470 mentio.
411 3428 429 3452 ¹¹¹
449 3433 518 3485 putat
530 3425 561 3473 G.
571 3425 635 3473 tens.
700 3433 711 3454 ¹¹
730 3424 827 3486 quando
838 3421 878 3470 ut.
944 3433 956 3458 0
973 3433 998 3469 at
1007 3423 1070 3472 tent.
1078 3423 1138 3485 fhrte
1149 3437 1186 3470 ac.

291 3589 336 3651 46.
354 3585 513 3653 appellationi
530 3588 632 3653 Graeca]
657 3598 744 3636 Attam-
793 3583 882 3648 uttrec-
908 3585 947 3633 καὶ
963 3583 1109 3646 comicum
1126 3585 1178 3648 μὲν,
1194 3584 1248 3634 ahh’
1261 3589 1284 3635 οὐ

256 3657 555 3726 λονικὴγοςῃῑῃῑίῂρηῐ,
571 3676 613 3721 3²·
701 3691 707 3706 ,
792 3654 911 3714 μοιχεῦσαι
936 3650 1283 3718 ᾐκλὲψαιμίλλόὐχῖεςοσυλῆ-

292 3729 337 3788 48.
351 3725 484 3794 Aristoteles
493 3726 663 3792 inrhatoricis]
676 3729 744 3778 Lau·
793 3733 831 3762 Μ*
842 3733 865 3762 ²·
876 3734 900 3764 a.
910 3727 935 3764 λ·

255 3792 300 3846 dat
326 3796 472 3858 Turnebus,
488 3797 525 3850 vel
543 3799 686 3868 quicunque
700 3797 744 3848 l'ub
827 3814 872 3860 49.
892 3795 986 3862 Cicero]
1006 3799 1045 3849 De
1063 3798 1120 3848 Inv.
1142 3815 1166 3855 i,
1186 3801 1212 3848 8.
1236 3798 1283 3850 uhi
1337 3802 1349 3821 '‘

257 3861 305 3916 hoc
324 3867 433 3926 nomine,
451 3867 528 3918 Rhet.
551 3885 576 3927 1,
595 3885 619 3932 3.
644 3867 691 3920 sed
702 3885 745 3937 per
793 3865 867 3916 etiam
878 3865 1059 3938 transtatianam
1076 3865 1210 3918 luculenter
1220 3867 1283 3919 detl-

255 3935 399 4000 ambagese
414 3936 496 3987 verbis
512 3935 655 4006 Philosophi
666 3937 743 3996 elicit,
793 3936 840 3996 nit,
854 3953 907 3986 cum
925 3935 1006 4005 raaffa
1024 3953 1057 3986 ex
1068 3952 1094 3985 ea
1112 3936 1210 4004 pendet,
1221 3938 1286 4006 quad

257 4021 315 4070 quaa
326 4021 407 4066 nemo,
418 4005 500 4067 credo,
512 4017 600 4076 praeter
612 4008 694 4077 ipsum
709 4009 745 4060 ibi
794 4021 841 4054 non
858 4015 903 4056 aut
920 4006 942 4056 is
957 4021 1033 4074 agam
1051 4004 1165 4066 videtur,
1176 4023 1246 4074 qaam
1256 4025 1283 4059 a·

257 4085 362 4140 quaerat.
790 4083 880 4140 portet,
889 4085 935 4124 aut
946 4092 992 4126 nan
1003 4089 1056 4124 cum
1067 4092 1103 4134 ea,
1111 4076 1205 4144 quicum
1213 4085 1283 4146 apam-

292 4146 336 4204 48.
351 4143 446 4212 sistat,
451 4145 499 4214 fiad
507 4147 566 4210 non]
580 4148 642 4198 Haec
653 4148 744 4198 haben.
793 4153 837 4203 tet,
848 4154 894 4194 aut
904 4161 950 4195 aaa
962 4145 1028 4211 apud
1035 4161 1101 4212 quos,
1112 4163 1157 4215 qua
1168 4155 1282 4216 tempore,

257 4223 300 4262 tur
321 4231 344 4275 1,
365 4231 469 4278 13,15.
496 4215 570 4264 natata
587 4218 636 4276 μὲν,
654 4216 708 4262 au·
724 4218 746 4264 al
793 4230 842 4280 qua
864 4213 924 4279 lega,
941 4230 984 4284 quo
1004 4213 1113 4278 crimim,
1130 4233 1180 4286 qua
1193 4226 1282 4286 paena,

256 4280 346 4342 milas·
371 4287 387 4349 (ἦ
405 4283 506 4347 πατάξαι
524 4287 625 4350 aga‘npa,
641 4283 696 4332 aihh'
712 4287 746 4350 *ht
793 4293 892 4351 aportat.
