3000 4908
398 405 569 468 lNSTlT.
587 403 788 468 ORATOR.
805 405 894 468 tle.
912 407 967 472 Vl·
989 424 1017 470 1.
1166 421 1229 492 347

202 565 324 636 ventio
339 568 514 656 imaginem
529 567 586 648 rei,
602 567 692 656 cujus
715 567 879 633 atrocitate
891 567 1024 654 ·judert²
1046 579 1115 634 erat*
1125 577 1228 636 conr-⁴

206 656 395 720 movendus.
441 655 524 720 oue
539 655 624 718 enim
645 656 689 718 est
709 653 823 718 attens
845 653 989 731 infantia,
1005 654 1083 739 qui²
1104 669 1229 720 mutam
1253 654 1255 662 ’

205 739 292 804 illam
308 739 445 826 effigiem
460 739 576 825 magis,
589 761 687 826 quam
708 737 897 816 orationem,
911 742 989 824 prob
1011 739 1043 802 se
1065 749 1158 826 putet
1176 739 1229 805 lo·

149 835 192 906 33
205 837 349 888 cuturam
364 827 374 887 ἒ
412 824 459 886 At
471 822 588 902 sordes,
603 835 637 886 et
650 822 819 908 squalores,
834 837 867 886 et
880 823 1129 910 propinquorum
1164 847 1228 890 uo.

203 931 270 995 que
285 908 415 974 similem
434 907 579 972 habitum
598 907 661 972 scio
682 906 840 994 profuisse,
854 920 889 971 et
908 929 1062 994 magnum
1084 910 1124 974 ad
1142 847 1228 974 salu-

206 1005 272 1058 tem
300 1005 500 1058 momentum
524 1013 634 1078 preces
655 991 804 1056 attulisse.
847 993 958 1058 Quare
980 1005 1014 1056 et
1035 994 1232 1058 obsecratio⁰

119 1069 130 1092 ⁸
205 1077 262 1142 illa
279 1077 426 1166 judicum
442 1091 496 1164 per
509 1077 655 1164 cariffipra
665 1077 808 1164 pignora,
823 1077 936 1162 utique
950 1077 970 1140 fi
986 1090 1019 1142 et
1040 1099 1095 1144 reo
1116 1080 1175 1144 smt
1189 1079 1231 1144 li·

207 1162 279 1240 beri,
293 1164 409 1251 conjux,
421 1173 570 1248 parentes,
585 1161 673 1228 utilia
687 1161 758 1226 erit.
800 1163 845 1226 Et
857 1163 975 1226 deorum
992 1163 1088 1226 etiam
1102 1165 1228 1230 woca-

80 1321 82 1327 .
150 1261 196 1328 34
207 1247 245 1312 tio
260 1247 349 1314 velut
362 1251 401 1312 ex
415 1249 500 1312 bona
518 1246 709 1312 conscientia
729 1245 870 1334 prosecta
883 1245 982 1312 videri
1005 1247 1094 1314 solet.
1137 1249 1230 1316 Stra·

132 1386 134 1391 .
207 1344 269 1398 tum
282 1332 421 1418 denique
430 1332 545 1419 jacere,
561 1343 594 1395 et
611 1355 713 1418 genua
727 1332 895 1418 conapleeli:
917 1331 970 1394 nifi
991 1333 1011 1396 fi
1033 1345 1140 1396 tamen
1154 1355 1229 1418 per·

66 1421 70 1428 '
206 1418 291 1481 sona·
306 1429 377 1496 nos,
400 1429 435 1480 et
456 1429 530 1480 ante
555 1415 626 1480 asta
650 1415 727 1496 vita,
745 1429 779 1480 et
803 1415 848 1480 rei
869 1416 1012 1482 conditio
1034 1417 1230 1502 prohibebit.

208 1501 367 1566 Quaedam
382 1501 466 1564 enim
481 1512 546 1564 tam
560 1499 682 1567 sortiter
696 1500 825 1579 tuenda,
839 1523 934 1586 quam
950 1501 1033 1566 satta
1046 1503 1129 1568 sunt.
1162 1503 1231 1568 Vc·

155 1641 161 1671 ,
207 1607 278 1650 rum
293 1585 333 1649 src
347 1582 391 1649 est
405 1584 551 1650 habenda
564 1585 759 1651 auctoritatis
771 1585 862 1664 ratio,
877 1608 919 1650 ne
940 1585 976 1650 srt
997 1586 1093 1650 invisa
1114 1587 1232 1652 seaut-

149 1679 193 1750 35
208 1680 269 1735 tas.
313 1669 385 1734 Fuit
398 1669 561 1756 quondam
576 1669 659 1733 inter
673 1669 744 1734 haec
758 1670 867 1734 omnia
889 1671 1135 1756 potentissimum
1157 1671 1192 1736 id
1203 1673 1243 1752 ἃ,
1324 1729 1326 1734 ,

150 1757 151 1762 ’
208 1765 294 1840 quoe
319 1755 458 1820 Lucium
479 1752 656 1818 Murenam
683 1754 797 1820 Cicero
815 1755 1033 1820 accusantibus
1056 1753 1231 1822 clarissimis

207 1839 282 1902 viris
304 1838 446 1924 eripuisse
470 1839 628 1925 praecipue
654 1839 795 1904 videtur.⁴
834 1840 1002 1905 Persuafltf
1024 1840 1125 1917 enim,
1140 1839 1231 1910 ¹nihil

207 1924 268 1988 elle
281 1924 321 1988 ad
335 1923 517 2009 praesentem
538 1945 642 1988 rerum
665 1925 776 1988 statum
799 1923 920 2002 utilius,
936 1949 1025 2010 quam
1050 1925 1146 2012 pridie
1165 1927 1229 1989 Ca·

151 2008 195 2091 36
208 2007 287 2072 land.
301 2009 469 2072 Januarias
479 2021 494 2062 Β
506 2009 626 2094 ingredi
640 2007 830 2094 scarsolatum.
875 2010 974 2074 Quod
994 2031 1097 2096 genus
1119 2009 1230 2076 nostri·

206 2104 272 2158 tem
317 2094 403 2160 ribus
425 2105 530 2158 totum
553 2115 634 2179 pene
659 2094 816 2158 sublatum
841 2095 895 2171 est,
911 2115 986 2158 eum
1010 2094 1119 2161 omnia
1142 2117 1230 2162 curae

207 2190 277 2242 tute
291 2201 382 2263 aeque
395 2179 490 2242 unius
511 2179 620 2242 innixa
633 2178 801 2263 periclitari
816 2177 907 2245 nullo
924 2178 1039 2264 judicii
1055 2180 1143 2243 exitu
1157 2178 1229 2265 pos·

207 2263 277 2346 sint,
320 2265 372 2334 De
387 2263 619 2332 accusatoribus
634 2275 666 2326 et
679 2263 741 2326 reis
755 2263 823 2328 sum
841 2263 979 2342 locutus,
993 2263 1068 2349 quia
1089 2264 1122 2328 in
1143 2264 1230 2351 peri·

207 2345 287 2414 culis
316 2348 455 2414 maxime
483 2347 618 2412 uersatur
646 2347 789 2414 affectus.
845 2347 910 2412 Sed
943 2348 1071 2433 privatae
1097 2369 1258 2434 quoquox
1287 2381 1290 2384 ·

206 2433 317 2494 caussa
341 2444 513 2516 utrumque
537 2431 657 2495 habent
680 2431 887 2516 perorationis
912 2450 1039 2518 genus:
1074 2444 1107 2495 et
1135 2432 1228 2512 illud,

205 2515 349 2600 quod'est
365 2534 405 2578 ex
427 2515 666 2579 enumeratione
686 2516 919 2613 probationum,
936 2529 968 2578 et
989 2515 1063 2595 hoc,
1079 2515 1166 2602 quod
1189 2537 1230 2580 ert

205 2599 343 2664 lacrimis
358 2625 366 2662 ι
389 2601 409 2662 sr
426 2612 481 2664 aut
494 2601 575 2663 statu
587 2599 768 2698 periclitari,
783 2613 839 2664 aut
852 2600 1002 2686 opinione
1021 2600 1071 2664 liti
1095 2613 1164 2664 ator
1178 2600 1228 2664 vi-

205 2683 311 2756 detur.
355 2686 442 2748 Nom
464 2683 496 2746 in
511 2705 612 2768 parvis
626 2685 756 2770 quidem
769 2683 882 2750 litibus
899 2685 955 2748 has
970 2623 1142 2780 tragoedias
1155 2705 1228 2749 rno-

207 2790 280 2832 vere
295 2767 358 2832 t'ale
371 2770 427 2849 est,
465 2769 605 2847 ualent
631 2771 792 2854 personam
812 2769 970 2852 ¹Herculis
995 2783 1029 2833 et
1054 2769 1229 2836 cothurnos

152 2869 193 2939 37
206 2867 314 2940 aptare
338 2791 510 2922 infantibus
535 2853 625 2918 velis.
671 2853 756 2918 Illud
778 2875 818 2916 ne
833 2853 1000 2940 indignum
1023 2853 1154 2940 quidem
1169 2853 1227 2918 ad-

206 2938 415 3017 monitione-³,
431 2937 464 3001 in
508 2961 545 3002 ns
565 2938 600 3005 in
619 2937 764 3026 epilogis,
780 2960 853 3021 meo
867 2937 1005 3036 judicic,
1022 2938 1102 3002 verti
1117 2937 1229 3004 discri-

208 3045 295 3103 men,
319 3045 384 3109 quo
409 3045 441 3086 m
485 3045 505 3085 o
527 3021 558 3086 se
581 3021 712 3102 dicenti,
728 3023 788 3108 qui
807 3035 973 3101 exortatur,
993 3023 1227 3102 accommodet.

207 3108 293 3170 Nam
309 3121 342 3171 et
357 3107 514 3194 imperitia,
531 3119 564 3172 et
578 3105 734 3192 rzsticitas,
750 3119 783 3170 et
803 3108 897 3255 rippr,
913 3119 946 3170 et
960 3107 1130 3193 dffomitar
1151 3109 1229 3172 affe·
1274 3141 1278 3145 ·
1302 3186 1305 3196 Ι

207 3206 283 3274 runt
302 3191 428 3256 interim
444 3191 564 3280 frigus:
587 3191 820 3278 diligenterque
859 3214 904 3256 aec
918 3190 989 3254 sunt
1003 3191 1101 3256 attori
1122 3193 1228 3280 provi-

151 3276 195 3362 38
208 3275 321 3345 denda.
366 3276 523 3363 Equidem
543 3279 754 3362 repugnantes
768 3299 823 3340 eos
838 3291 982 3362 patron0,
996 3289 1028 3340 et
1043 3276 1123 3340 nihil
1138 3277 1232 3344 vultu

207 3373 400 3440 commotoS,
415 3375 449 3424 et
467 3362 683 3450 intempestive
705 3360 844 3427 ridentes
857 3364 876 3441 ¹,
889 3375 923 3424 et
944 3360 1027 3424 fatto
1051 3361 1158 3460 aliquo
1179 3362 1231 3430 vel

241 3547 340 3594 ²‘relox
350 3547 381 3594 G.
446 3556 529 3606 ¹quae
541 3546 571 3594 G.
582 3546 644 3594 lens.
709 3545 855 3607 bperlens.
921 3547 1079 3596 eobservatio
1090 3548 1121 3596 G.
1175 3545 1232 3595 did
1291 3578 1294 3582 -

208 3627 250 3656 om.
264 3611 293 3658 G.
302 3611 365 3658 lens.
431 3613 441 3638 θ
459 3611 524 3669 quod
536 3611 566 3658 G.
586 3669 588 3674 ,
640 3606 651 3640 f
667 3609 822 3672 persuasitque
834 3609 893 3655 nihil
906 3611 937 3657 G.
948 3612 1011 3658 Jens.
1084 3619 1095 3648 Β
1114 3613 1178 3658 Forte
1189 3611 1231 3675 iffi

208 3689 275 3722 cum.
341 3672 510 3736 ¹²quasrlenl'.
574 3671 768 3739 immineas
816 3673 964 3744 lresrdentes
975 3676 1006 3724 G.
1017 3685 1039 3721 er
1050 3671 1081 3723 al.
1092 3685 1129 3738 ap.
1141 3677 1198 3724 Bur.

149 3818 153 3826 ,
208 3837 259 3897 nia,
271 3833 313 3888 nisr
324 3836 399 3890 nimis
410 3832 473 3886 forte
488 3853 534 3904 ego
546 3833 694 3896 Werlhofio,
743 3853 795 3896 one,
807 3834 865 3887 fitne
875 3837 914 3888 vir
925 3835 1016 3900 bonus,
1028 3836 1149 3906 perjurus,
1161 3833 1231 3906 frauf
1249 3813 1252 3820 Δ

207 3905 276 3973 quod
296 3917 377 3984 tamen
397 3906 471 3956 nimis
490 3922 596 3957 menon
616 3903 695 3958 facere
741 3906 867 3983 dolemus..
975 3971 980 3982 Ι
1054 3971 1059 3982 Ι
1208 3976 1215 3990 ·
1299 3960 1303 3965 ,

209 3973 398 4111 Poiesadliiidie
412 4043 513 4094 Calend.
536 4021 693 4108 Januariai]
742 3972 1234 4118 derps.ne1sppqmptqstzspnqpppdqqpqsspelpp

208 4111 271 4172 Res,
284 4129 331 4163 non
343 4113 417 4164 rerba
428 4113 482 4164 sunt
495 4131 517 4163 c.
533 4131 575 4176 37.
743 4129 802 4164 vum
821 4113 853 4172 ei,
871 4112 915 4178 qui
935 4121 1066 4180 patronum
1084 4111 1193 4188 adhibet,
1204 4123 1231 4164 et

152 4229 154 4234 .
248 4184 289 4244 36.
303 4179 374 4250 statu
386 4179 541 4302 periclitari]
567 4181 633 4232 Sitne
653 4181 695 4258 Se·
744 4179 789 4232 stat
805 4182 830 4232 in
847 4179 953 4245 judicio.
975 4182 991 4237 ,l
1011 4182 1063 4232 itur
1082 4181 1131 4234 lere
1149 4184 1230 4250 magis

201 4261 288 4343 Inatos,
301 4249 374 4314 civis,
395 4251 458 4315 ibet,
470 4249 538 4304 lilius
554 4251 603 4304 &e
620 4257 695 4319 optm-
744 4250 785 4314 est,
806 4261 834 4302 ut
854 4250 956 4320 probem
976 4198 1038 4304 illud
1056 4251 1159 4304 alterum
1174 4251 1232 4321 reſs·
