3024 4912
226 361 289 440 ηε
416 357 462 423 n.
482 354 605 423 rnen
628 353 1057 456 on1n3oT1t1AN1,&e.

232 525 331 591 etiam
346 522 445 590 sermo
461 524 651 606 communis.
695 525 781 588 Nam
796 545 871 590 cum
887 523 1018 612 aliquid,
1033 525 1155 612 dequo
1171 525 1260 590 dica-

233 633 318 691 mus,
338 632 413 675 acce
434 610 527 690 imus,
545 611 675 696 posrtam
698 610 791 674 nobis
807 608 866 674 effe
891 611 1057 676 materiam
1079 608 1263 698 frequenter

233 695 333 760 etiam
349 633 530 782 praedatione
544 696 701 760 testamur.
746 694 884 780 Gorgias
899 695 1029 782 quidem
1044 695 1125 760 adeo
1139 697 1262 760 rhetori
1276 717 1313 767 21
1379 757 1381 764 ,

234 779 277 846 de
290 780 440 844 omnibus
456 780 580 866 putavit
599 779 658 845 effe
679 779 863 858 dicendum,
879 793 916 844 ut
937 781 967 844 se
984 780 1017 844 in
1031 780 1196 846 auditoriis
1211 781 1261 844 in-

233 864 388 952 terrogari
402 875 572 950 pateretur,
588 887 651 954 qua
663 863 795 950 quisque
809 864 850 927 de
868 884 903 928 re
924 863 1031 930 vellet.
1076 868 1261 952 Hermago-

233 971 284 1012 ras
298 969 439 1034 quoque,
454 949 591 1013 dicendo
612 949 776 1013 materiam
791 947 851 1012 effe
873 949 907 1012 in
922 950 1024 1015 caussa
1038 964 1071 1014 et
1085 950 1119 1014 in
1135 951 1260 1036 quaesti-

234 1033 362 1110 onibus,
377 1055 489 1099 omnes
503 1055 553 1098 res
567 1034 718 1122 subjetias
733 1045 800 1097 erat
814 1027 1013 1118 complexus.
1058 1035 1122 1100 Sed
1137 1035 1262 1122 quaesti·
1275 1057 1315 1106 22

235 1140 314 1181 ones
329 1118 349 1180 sr
366 1131 462 1202 negat
473 1131 491 1160 π·
515 1117 555 1182 ad
576 1119 755 1184 rhetoricen
778 1120 946 1204 pertinere,
962 1118 1101 1184 dissentit
1114 1141 1133 1184 a
1148 1121 1260 1184 nobis:

225 1202 256 1270 .fi
272 1214 379 1267 autem
394 1201 433 1265 ad
451 1202 630 1268 rhetoricen
650 1204 821 1290 pertinent,
837 1205 877 1268 ab
902 1205 965 1268 hoc
986 1219 1114 1291 quoque
1136 1205 1263 1291 adjuva-

235 1307 319 1350 mur.
352 1286 446 1350 Nihil
461 1287 503 1351 est
518 1287 615 1367 enim,
655 1286 719 1352 uod
734 1307 796 1351 non
806 1287 846 1350 in·
861 1287 996 1352 caudam
1011 1303 1066 1354 aut
1086 1288 1119 1352 in
1135 1291 1260 1375 quaesti·
1275 1312 1313 1378 23

234 1392 329 1434 onem
352 1369 455 1436 cadat.
499 1311 683 1442 Aristoteies
707 1383 771 1436 tres
796 1371 942 1436 faciendo
967 1391 1071 1458 partes
1097 1375 1260 1453 orationis,

225 1456 413 1543 judicialem,
430 1455 668 1534 deliberativam,
684 1457 952 1543 demonstrativam,
967 1479 1048 1542 pene
1062 1471 1096 1522 et
1112 1459 1175 1546 ipse
1189 1482 1261 1524 ora·

234 1541 297 1604 tori
307 1539 445 1628 'subjecit
458 1542 584 1606 omnia:
607 1541 692 1606 nihil·
703 1539 789 1605 enim
805 1542 916 1606 nonin
933 1542 1003 1607 haec
1018 1544 1114 1608 cadit.
1146 1547 1260 1614 ,Quae-
1276 1567 1317 1629 24

233 1625 325 1687 snum
342 1647 363 1688 a¹
375 1626 564 1711 pauciffimis
582 1627 678 1690 etiam
694 1625 734 1689 de
756 1625 963 1690 instrumento
985 1629 1039 1692 est.
1083 1628 1260 1720 Irssrumen-

235 1722 298 1771 tum
313 1733 391 1789 voco,
397 1711 466 1794 stne
478 1733 532 1797 qno
535 1711 669 1794 formari
682 1711 818 1790 materia,
832 1722 859 1772 et
870 1711 901 1774 in
916 1711 960 1790 id,
976 1714 1055 1799 quod
1066 1717 1201 1794 velimus,
1215 1716 1261 1801 ef-

222 1794 286 1880 fici
300 1809 370 1880 opus
385 1820 441 1858 non
451 1795 545 1880 pofflt.
591 1795 711 1859 Verum
726 1795 789 1858 hoc
804 1815 866 1880 ego
881 1813 944 1858 non
959 1811 1057 1862 artem
1073 1797 1168 1862 credo
1183 1821 1260 1886 ege-

216 1900 281 1957 te,
296 1877 347 1942 sed
370 1879 536 1944 artificem.
580 1883 695 1966 Neque
719 1878 804 1942 enim
825 1879 955 1942 scientio
979 1880 1130 1946 desiderat
1147 1881 1260 1946 instru-

150 1995 154 2003 ·
235 1979 393 2040 mentum,
409 1987 481 2048 quae
506 1967 605 2050 potest
623 1965 682 2028 effe
706 1961 934 2042 consummata,'
949 1965 1045 2029 etiam
1066 1966 1086 2030 sr
1109 1967 1190 2030 nihil
1212 1966 1259 2030 fa-

236 2048 318 2111 ciat:
343 2049 395 2112 sed
409 2049 464 2112 ille
480 2048 597 2135 opifex,
614 2064 649 2112 ut
664 2050 793 2110 caelator
808 2047 935 2127 caelum,
951 2062 984 2112 et
1005 2049 1107 2135 pidior
1128 2051 1260 2136 penicil-

159 2135 162 2139 ’
235 2133 278 2196 la.
324 2135 372 2195 Ita
395 2155 434 2195 ue
450 2135 518 2199 haec
534 2133 566 2195 in
588 2157 661 2198 eum
677 2133 797 2210 locum,
811 2134 1053 2217 quodeoratore
1075 2135 1193 2200 ditturi
1208 2135 1259 2201 su·

237 2237 321 2297 mus,
337 2155 520 2283 dideran'rus
532 2231 556 2282 ³¹.
990 2222 992 2226 ’

503 2394 522 2420 ⁸¹
542 2399 612 2452 negat
623 2389 654 2438 G.
663 2387 725 2438 Jens.
790 2393 802 2418 ³
814 2385 958 2441 disseramus
969 2388 1000 2438 0.

273 2555 316 2588 21.
336 2533 453 2604 Gorgias]
467 2535 539 2588 Plato
551 2528 673 2606 principio
684 2537 722 2590 di·
771 2545 827 2586 tum
843 2533 874 2586 est
885 2552 901 2586 a
911 2535 1054 2597 Philandro,
1065 2535 1124 2588 cic.
1139 2537 1170 2590 de
1182 2541 1255 2592 Orat.

237 2607 302 2674 alogi
314 2607 479 2675 cognominis,
492 2605 583 2655 'tuimur
593 2610 639 2666 γοῦν
655 2609 686 2654 νῦν
701 2610 723 2656 n
774 2619 799 2664 r,
812 2619 856 2655 η.
869 2617 894 2656 et
908 2623 932 2670 3,
944 2623 984 2670 32.
999 2623 1027 2657 ac
1038 2607 1069 2657 de
1081 2603 1138 2666 Fin.
1152 2625 1178 2670 2,
1190 2628 1211 2660 r.
1227 2610 1256 2660 it.

235 2676 311 2740 ἐρωτᾷν
329 2677 346 2732 δ’,
358 2694 380 2722 τι
392 2676 425 2727 τὶς
435 2676 524 2726 etitem
540 2675 580 2722 'teir
590 2675 641 2721 ἔνδον
655 2675 723 2736 ὄντων,
765 2673 797 2723 de
809 2673 866 2723 Inv'r
883 2691 906 2735 1,
923 2693 947 2738 ς.
967 2676 1012 2726 ubi
1028 2677 1103 2727 etiam
1117 2678 1255 2744 Hermago-

229 2744 272 2788 ,καὶ
298 2739 462 2814 originem
490 2737 530 2814 ior
555 2739 724 2814 ὶπςκρινιῖσθαι.
766 2743 1135 2816 raeAristotelisquesententiae
1148 2747 1259 2799 referrin-

234 2803 321 2862 ,Refert
334 2813 418 2864 etrtm,
430 2803 497 2873 quod
506 2821 558 2870 ram
570 2805 611 2855 hrc
624 2804 725 2859 aduota-
766 2822 818 2864 tur.
