3000 4908
427 366 592 428 INSTIT.
613 364 819 428 ORATOR.
838 369 921 429 LlB.
941 371 981 430 V.
1004 386 1050 442 13.
1180 379 1240 451 μς

212 524 353 608 delenda
367 533 471 618 neque
485 529 644 595 transferri
666 531 799 618 poliunt.
843 531 1001 596 Adulterii
1012 533 1071 595 *rea
1094 528 1141 615 ast,
1157 533 1236 616 quie,

212 637 303 713 qaum
318 638 395 678 anno
417 615 513 680 viduo
526 616 648 702 sufflet,
665 617 753 680 enixa
777 615 836 701 est.-
859 617 899 680 lie
923 640 987 680 non
1013 617 1084 680 erit.
1128 618 1240 697 Quare
1288 683 1293 704 Ι

211 697 293 762 1llud
308 700 477 764 stultissime
491 701 682 787 praecipitur,
698 702 785 788 quod
800 701 927 766 defendi
942 724 1006 766 non
1051 700 1129 780 offit,
1145 701 1242 764 filen··

213 783 261 848 tio
275 785 575 866 diffimulandum‚fi
591 787 720 873 quidem
735 786 837 864 estid,
853 786 893 850 de
909 809 973 872 quo
983 721 1083 874 judex
1096 807 1241 869 pronun·

160 877 202 934 10
214 868 347 936 tiaturus
361 871 414 934 est.
454 871 512 950 At,
527 871 550 934 si
563 883 652 935 extra
665 871 798 936 caussam
814 871 850 935 srt
864 871 1049 950 eddadem,
1061 883 1096 933 et
1110 859 1240 934 tamen&¹

214 954 433 1040 coujundlum,
449 956 560 1020 malim
585 955 714 1040 quidem
738 956 855 1037 dicere,
870 956 952 1020 nihil
973 956 1007 1019 id
1027 955 1070 1020 ad·
1090 957 1237 1042 quaesiio-
1291 959 1294 966 ’

215 1061 302 1118 nem,
319 1062 378 1104 nec
392 1039 452 1104 esse
465 1041 497 1104 in
514 1041 564 1104 his
579 1041 781 1119 morandum,
797 1053 830 1105 et
848 1041 954 1106 minus
975 1040 1047 1119 esse,
1063 1062 1160 1126 quarn
1181 1040 1239 1104 ad-

214 1125 365 1189 versarius
390 1125 490 1190 dicit:
522 1140 628 1188 tamen
651 1127 739 1190 velut
759 1127 835 1190 huic
860 1125 1049 1190 simulationi
1071 1125 1243 1188 oblivionis

216 1209 391 1297 ignoscam.
434 1211 542 1274 Debet
566 1210 653 1275 enim
677 1213 781 1276 bonus
802 1211 973 1276 advocatus
999 1209 1122 1296 protei
1145 1203 1242 1275 saliite

216 1295 344 1360 brevem
375 1295 582 1382 negligentia
610 1318 644 1360 re
667 1296 884 1360 rehenfionem
914 1318 979 1360 non
1006 1294 1242 1392 pertimescere.
1329 1316 1331 1328 ·

188 1441 193 1452 ,
217 1380 403 1446 Videndum
418 1380 514 1444 etiam
525 1381 545 1460 ¹,
562 1319 759 1444 fimusnobis
794 1381 864 1446 lura
882 1379 1097 1468 aggredienda
1118 1380 1187 1459 fint,
1202 1401 1243 1444 an

165 1472 202 1530 11
219 1465 399 1532 emolienda
413 1466 544 1552 singula.
590 1465 681 1530 Plura
696 1403 991 1544 fimulinvadimus,
1008 1466 1027 1528 sr
1043 1479 1099 1528 aut
1114 1477 1179 1528 tam
1195 1466 1245 1529 in-

220 1550 393 1614 firmasunt
406 1551 426 1629 ¹,
441 1563 480 1613 ut
501 1550 616 1636 pariter
634 1549 757 1637 impelli
778 1551 911 1636 possint:
935 1565 990 1615 aut
1011 1561 1076 1613 tarn
1104 1549 1243 1629 molesta,

219 1647 258 1700 ut
271 1635 386 1720 pedem
401 1634 543 1698 conferre
556 1657 630 1700 cum
645 1635 775 1722 lingulis
789 1657 853 1700 non
875 1635 1041 1723 expediat:
1065 1648 1134 1698 tum
1156 1635 1244 1700 enim

221 1732 291 1788 toto
311 1741 441 1805 corpore
454 1733 473 1760 ¹²¹
495 1720 706 1785 obnitendum
719 1731 743 1800 ¹¹,
759 1732 804 1800 et,
819 1735 857 1785 ut
879 1721 919 1786 fic
940 1720 1085 1798 dixerim,
1101 1719 1245 1785 dioeoar

170 1813 209 1863 12
221 1803 327 1870 fronte
348 1805 555 1892 pugnandum
578 1807 632 1870 esi.
677 1807 822 1884 interim,
838 1807 858 1870 fi
873 1805 1024 1872 resolvere
1038 1827 1077 1869 ex
1091 1817 1178 1890 parte
1192 1805 1245 1868 di-

222 1889 308 1954 versa
321 1889 406 1956 diota
420 1889 582 1954 difficilius
596 1891 667 1970 erit,
683 1892 783 1954 noslra
796 1903 984 1978 argumenta
1004 1911 1078 1956 cum
1100 1889 1244 1954 adversa·

221 1975 340 2042 riorum
362 1975 557 2062 argumentis
571 1975 793 2040 conferemus:
817 1977 837 2040 sr
860 1975 967 2055 modo,
983 1975 1052 2040 haec
1074 1987 1112 2040 ut
1135 1975 1245 2038 valen-

222 2061 304 2124 tiora
319 2060 500 2138 videantur,
516 2061 597 2124 effici
612 2060 740 2147 poterit.
784 2061 869 2126 Quae
882 2083 957 2125 vero
970 2062 1064 2125 turba
1081 2059 1245 2138 valebunt,

180 2195 184 2202 .
222 2145 403 2210 diducenda
416 2157 526 2211 erunt:
550 2159 597 2221 ut,
613 2146 700 2232 quod
713 2145 820 2232 paullo
834 2160 909 2210 ante
921 2145 1002 2223 dixi,
1017 2145 1113 2208 Heres
1125 2167 1203 2225 eros,
1219 2157 1248 2208 et

174 2285 177 2294 .
221 2245 345 2318 pauper,
361 2243 389 2294 ct
403 2255 515 2319 magna
535 2233 660 2317 pecunia
680 2231 884 2318 appellabaris
898 2257 919 2295 a
932 2230 1134 2308 creditoribus,
1150 2242 1179 2292 et
1199 2229 1246 2316 os·

213 2315 361 2401 finderet
371 2327 396 2395 Ρ,
410 2329 439 2378 at
452 2329 634 2380 mutaturum
649 2317 768 2380 tabidas
783 2315 943 2402 testamenti
952 2316 1080 2402 sciebas.
1121 2317 1249 2402 Urgent

174 2401 375 2474 13universa.
419 2402 468 2464 At
478 2416 502 2479 11,
530 2403 550 2464 s1
579 2401 700 2488 singula
727 2423 863 2488 quaeque
890 2401 1071 2478 dissolverit,
1102 2399 1164 2464 ’arn
1193 2401 1248 2464 illa
1331 2455 1335 2468 .

224 2485 365 2561 flamma,¹
378 2506 451 2570 quae
473 2508 591 2571 magna
610 2485 759 2572 congerie
781 2485 994 2564 convaluerat,
1008 2422 1158 2562 didueiis,
1173 2487 1247 2570 qui-

224 2568 286 2634 bus
301 2569 454 2647 alebatur,
470 2570 635 2634 concidet:
662 2593 724 2648 ur,
742 2569 762 2630 sr
778 2571 828 2634 vel
844 2571 982 2634 maxima
994 2570 1125 2634 flumina
1147 2570 1180 2632 in
1203 2571 1247 2633 ri-

225 2675 282 2718 vos
312 2653 517 2732 diducantur,
546 2655 688 2740 qualibet
716 2655 878 2720 transitum
910 2656 1063 2740 praebent.
1108 2657 1248 2741 ltaque¹

224 2737 394 2824 propositio
408 2762 537 2826 quoque
551 2741 723 2804 secundum
744 2740 826 2804 hanc
846 2739 1018 2804 utilitatem
1042 2740 1247 2804 acommoda·

225 2825 323 2900 bitur,
339 2837 376 2888 ut
389 2845 427 2888 ea
441 2847 526 2888 nunc
542 2825 663 2910 singula
677 2825 886 2904 ostendemus,
901 2846 987 2888 nunc
1000 2823 1248 2910 complectamur
1272 2855 1274 2860 ’

176 2918 216 2979 14
226 2907 378 2972 universa.
422 2911 510 2972 Nam
531 2909 657 2972 interim
681 2909 766 2996 quod
788 2909 932 2994 pluribus
954 2908 1086 2994 collegit
1105 2909 1249 2973 adversa-

226 2993 303 3072 rius,
319 2993 390 3058 satis
404 2993 449 3057 est
463 2994 557 3058 semel
572 3016 768 3080 proponere:
791 3008 840 3071 ut,
856 2995 876 3056 fi
892 2994 1008 3058 multas
1030 2993 1146 3056 caussas
1167 2993 1247 3058 faci-

227 3078 314 3156 endi,
330 3079 416 3163 quod
438 3080 553 3165 arguit,
569 3101 623 3142 reo
646 3079 751 3144 dicet⁵
774 3079 935 3144 accusator
959 3077 1068 3142 fuisse:
1092 3100 1161 3158 nos,
1185 3103 1251 3146 non

227 3165 420 3228 enumeratis
435 3165 576 3252 fingulis,
591 3165 685 3228 semel
702 3165 765 3228 hoc
780 3162 971 3228 intuendum
993 3185 1160 3250 negemus,
1176 3166 1251 3250 quia
1341 3189 1344 3194 ·

228 3269 304 3328 non,
321 3249 460 3335 quisquis
476 3248 609 3314 caussam
632 3248 768 3313 faciendi
786 3247 909 3312 sceleris
931 3247 1057 3326 habuit,
1072 3262 1106 3313 et
1128 3248 1250 3316 fecerit.

150 3333 152 3342 ‘
179 3343 216 3408 15
228 3335 351 3419 Saepius
366 3343 492 3399 tament
515 3335 686 3399 accusatori
702 3355 874 3420 congerere
895 3347 1095 3422 argumenta,
1111 3355 1166 3398 reo
1187 3333 1250 3400 dis-

1188 3435 1219 3490 ‘a‘

263 3571 389 3618 hrantum
401 3572 431 3623 G.
496 3555 675 3634 taninflJ'ens.
739 3569 850 3620 maid.
901 3575 934 3622 ,¹¹¹
953 3571 1023 3618 corde
1035 3571 1065 3617 G.
1131 3537 1253 3620 reniten.

229 3637 287 3684 dum
299 3637 362 3682 lens.
441 3641 452 3665 ⁰
471 3635 561 3682 detrita
573 3635 604 3682 id.
678 3641 691 3673 P
707 3649 763 3682 eum
775 3635 843 3696 cujus
854 3636 921 3682 heres
932 3649 982 3683 eras
993 3635 1033 3700 iuſs
1046 3635 1076 3681 G.
1086 3631 1176 3698 glofflmr
1187 3647 1255 3698 puter

229 3701 359 3750 autleni.
371 3711 394 3747 et
406 3699 436 3746 G.
502 3701 566 3746 rlta
578 3715 642 3762 prop.
656 3714 710 3760 quae
723 3700 753 3749 G.
819 3699 903 3746 ⁸dicit
915 3699 945 3746 G.
1010 3699 1188 3782 tautcmlcns.

230 3883 274 3933 obi
294 3882 396 3934 attioris
415 3880 508 3951 quaestio
524 3891 636 3941 vocatur,
649 3897 715 3932 com-
764 3881 876 3940 dendum,
889 3888 935 3929 aut
946 3876 1150 3930 transferendum.

231 3969 328 4022 ponere.
358 3953 425 4032 Qin
443 3952 526 4011 verba,
539 3951 646 4018 quaehic
659 3962 716 4001 mox
802 3967 844 3999 η.
867 3947 919 3999 haec
938 3957 966 3998 ut
980 3947 1138 4014 valentiora]
1163 3949 1251 4004 Nosne

232 4022 376 4088 sequuntur,
388 4022 445 4071 tatis
458 4021 503 4070 hoc
518 4019 650 4080 declarant,
662 4036 717 4090 quae
764 4019 898 4071 nimirum=
926 4035 975 4070 non
992 4035 1056 4086 opus
1072 4018 1156 4070 esthic
1169 4037 1254 4074 mone.

231 4107 307 4160 neque
321 4089 417 4157 negari,
433 4106 507 4158 neque
522 4087 626 4155 desendi,
638 4107 717 4157 neque
764 4105 800 4148 re,
822 4087 918 4158 quoties
938 4087 998 4138 boni
1016 4086 1143 4168 scriptores
1161 4087 1203 4140 boc
1221 4091 1253 4142 ad

232 4156 358 4211 transferri
367 4159 470 4228 pistum.-
485 4161 543 4210 irem
555 4177 593 4219 ee,
605 4175 661 4226 quae
706 4191 716 4201 -
765 4157 884 4210 remotius
902 4155 1015 4208 reserant.
1044 4157 1083 4211 Sic
1101 4157 1178 4211 noster
1198 4169 1253 4214 tum

232 4227 311 4279 suits.
324 4244 351 4293 4.
365 4239 409 4280 aut
422 4230 566 4298 negandum,
578 4237 623 4280 aar
634 4175 716 4296 asii.
766 4225 837 4291 alias,
848 4238 904 4280 nun
917 4229 942 4290 6,
958 4243 968 4278 1
973 4261 982 4290 ,
995 4245 1021 4295 9.
1108 4275 1109 4284 ,
