3022 4920
245 399 302 459 104
475 385 521 446 M.
543 383 667 446 FABII
689 385 1038 447 QUINCTILIANI

240 544 396 610 laudem¹
418 547 498 634 soepe
523 550 688 638 majorem,
703 573 799 638 quam
826 551 968 616 sinestra
995 553 1066 629 lint,
1086 551 1272 617 conciliant.

240 633 429 719 Aliquando
442 645 549 698 tamen
565 637 830 721 permittendum,
846 659 917 724 quae
932 637 984 723 ipsr
999 637 1184 723 scripserint,
1196 649 1210 677 ¹
1222 639 1271 701 di·
1285 653 1306 724 5

240 739 324 795 cere,
349 731 386 782 ut
410 719 527 783 laboris
549 721 595 785 sui
616 719 758 788 frustum
780 725 875 788 etiam
899 745 938 788 ex
960 722 1027 801 illa,
1043 745 1116 808 quae
1135 723 1274 787 maxime

64 807 188 870 sff'n:
240 783 369 887 pesitus,
387 804 491 883 laude,
506 806 681 892 plurimum
698 830 736 872 ca
757 810 834 876 iant.
878 809 998 873 Verum
1012 807 1045 871 id
1059 830 1189 894 quoque
1203 821 1274 872 tum

240 889 307 952 fieri
333 892 505 974 oportebit,
526 914 601 956 cum
624 831 756 980 aliquis
767 893 969 959 commodius
992 893 1212 957 elimaverint:
1236 905 1275 958 ut

239 995 279 1038 eo
295 975 382 1040 velut
395 977 527 1062 praemio
542 979 633 1042 studii
648 979 695 1043 sui
709 979 880 1060 donentur,
896 999 933 1043 ec
947 979 978 1043 se
992 978 1147 1058 meruisse,
1164 991 1202 1042 ut
1221 979 1273 1043 di-

241 1047 361 1138 sserent,
377 1061 549 1148 gaudeant.

281 1148 377 1210 VIII.
404 1149 493 1232 (IX.)
519 1146 859 1247 Virtustpraeceptoris
884 1147 996 1213 haberi
1020 1148 1111 1229 solet,
1127 1171 1187 1213 nec
1212 1149 1274 1214 im-

238 1231 366 1312 merito,
383 1231 555 1332 diligenter
573 1233 605 1296 in
628 1255 679 1313 us,
699 1255 781 1321 quos
802 1233 995 1298 erudiendos
1016 1235 1194 1321 susceperit,
1212 1257 1271 1299 no·
1341 1235 1345 1243 '

237 1329 303 1380 tare
318 1316 726 1404 discrimrnnrngeniorum,
741 1331 862 1404 et.quo
883 1341 1044 1406 quemque
1068 1333 1180 1384 natura
1201 1341 1271 1384 ma·

236 1403 324 1465 xime
346 1401 437 1483 ferat,
462 1403 551 1468 scire.
594 1405 681 1468 Nam
704 1406 747 1470 est
772 1403 805 1468 in
826 1403 889 1468 hoc
910 1404 1104 1470 incredibilis
1122 1406 1271 1491 quaedam

236 1487 381 1569 varietate,
408 1511 467 1552 nec
534 1489 658 1554 uciores
682 1490 860 1555 animorum
880 1511 962 1576 pene
980 1513 1078 1578 quarn
1103 1511 1269 1577 corporum

175 1625 181 1640 ‚
237 1571 360 1636 sormae.
405 1511 620 1639 Quoslntelli
647 1575 654 1588 '
672 1577 823 1640 etiamen
847 1574 856 1636 i
882 1575 919 1638 srs
933 1577 1136 1640 oratoribus²
1158 1579 1304 1662 potest,2

236 1657 291 1742 qui
308 1668 432 1722 tantum
448 1658 531 1724 inter
544 1659 575 1724 se
591 1660 624 1724 di
650 1673 705 1724 ant
716 1681 834 1747 genere
849 1597 990 1740 (licendi,
1006 1673 1043 1724 ut
1057 1683 1153 1724 nemo
1170 1662 1206 1724 fit
1223 1661 1270 1724 al·

235 1743 296 1806 teri
320 1741 449 1806 similis:
473 1745 619 1830 quamvis
642 1746 771 1832 plurimi
795 1746 826 1810 se
844 1745 885 1809 ad
910 1767 1034 1822 eorum,
1073 1767 1132 1810 uos
1153 1747 1271 1832 proba·

177 1885 179 1889 .
234 1827 324 1906 bant,
341 1828 552 1894 imitationem
575 1825 820 1916 composusrint.
864 1831 956 1894 Utile
977 1769 1094 1894 deinle
1115 1830 1271 1917 plerisque
1282 1849 1302 1915 3

222 1913 336 1978 *visum
352 1915 395 1978 est
411 1915 456 1978 ita
476 1929 639 2002 quemque
657 1907 828 1992 inststuiire,
844 1929 882 1979 ut
902 1915 1026 2002 propria
1048 1929 1170 1979 naturae
1186 1917 1271 1980 bona

234 1997 381 2064 roenna
393 1999 548 2080 soverent,
564 2014 598 2064 et
611 2001 644 2064 in
661 2001 694 2064 id
708 2002 898 2088 potissimum
919 2001 1058 2088 ingenia,
1075 2023 1140 2088 quo
1155 1983 1269 2064 tend&-

235 2097 319 2164 rent,
335 2085 584 2171 adjuvarentur:
610 2107 660 2150 ur
684 2088 704 2150 fi
726 2088 799 2174 quis
820 2085 969 2172 palaestrae
991 2081 1123 2170 pentus,
1139 2107 1213 2148 cum
1235 2085 1269 2149 in

234 2169 367 2256 aliquod
393 2171 524 2256 plenum
548 2171 655 2257 pueris
674 2173 876 2260 gymnafium
890 2171 1022 2248 venerit,
1038 2183 1187 2257 expertus
1210 2191 1268 2234 eo-

233 2277 306 2319 rum
322 2255 412 2344 omni
433 2246 530 2320 mo'do
552 2279 668 2344 corpus
689 2259 909 2355 animumque,
925 2256 1092 2334 discernat,
1108 2257 1160 2319 cui
1182 2256 1268 2341 quis·

233 2357 297 2428 que
325 2341 492 2406 oertemini
517 2343 553 2406 fit
575 2343 817 2429 praeparandum
850 2356 895 2412 tta
919 2343 1177 2438 praeceptoremb
1200 2341 1303 2422 elo-4

232 2427 386 2511 quentiae,
409 2451 484 2491 cum
509 2428 661 2515 sagaciter
686 2427 783 2492 suerit
807 2427 958 2507 intuitus,
984 2447 1076 2512 cujus
1100 2426 1269 2514 ingenium

232 2512 333 2598 presso
355 2513 531 2600 limatoque
553 2535 670 2599 genere
691 2513 829 2592 dicendi,
845 2513 936 2578 cu'us
958 2512 1034 2591 acri,
1049 2511 1152 2598 gravi,
1168 2511 1269 2592 dulci,

233 2598 354 2684 aspero,
370 2599 484 2676 nitide,
499 2600 634 2676 urbano,
650 2599 789 2662 maxime
803 2537 964 2696 gauseat3
981 2597 1026 2660 ita
1036 2598 1066 2660 se
1080 2597 1268 2661 commoda-

231 2696 340 2748 turum
358 2684 500 2771 fingulis,
513 2697 551 2748 ut
566 2685 599 2747 in
613 2701 664 2762 σο,
677 2705 742 2769 quo
751 2685 881 2770 quilque
894 2685 1027 2760 eminet,
1037 2679 1266 2768 provehatur‘:

232 2770 321 2916 quod
343 2783 384 2834 et·
397 2769 504 2855 adjuta
525 2791 601 2834 eura
615 2784 726 2834 natura
744 2769 848 2856 magis
869 2769 1059 2846 evalescatl3
1083 2781 1118 2832 et
1139 2767 1219 2915 quie
1234 2767 1301 2850 ins

256 2853 354 2918 iversa
378 2855 525 2934 ducatur,
541 2877 601 2918 nec
625 2857 657 2918 in
682 2855 732 2933 iis,
748 2857 864 2941 quibus
885 2855 992 2918 minus
1006 2867 1098 2940 aptus
1125 2875 1144 2917 e
1170 2854 1268 2932 ,satis
1331 2921 1338 2940 5

231 2939 323 3086 possit
345 2940 492 3004 efficerer
515 2940 568 3004 et‘
591 2963 640 3020 ea,
657 2940 690 3003 in
715 2963 790 3027 quae
814 2955 908 3006 natus
933 2939 1068 3018 videtur,
1096 2938 1268 3003 deserendo

222 3039 224 3042 ’
246 3026 329 3088 aciat
353 3026 535 3090 infirmiora.
582 3027 680 3092 Quod
704 3027 786 3090 mihi
814 3027 928 3110 (libera
951 3025 1050 3102 enlm,
1076 3023 1128 3088 vel
1157 3021 1300 3088 contra6

232 3123 375 3196 receptas
397 3110 604 3197 persuasiones
623 3111 777 3176 rationem
799 3111 957 3212 sequenti,
978 3108 1132 3172 sententia
1146 3110 1214 3189 est‚)
1232 3109 1266 3172 in

232 3211 321 3280 parte
336 3218 446 3259 verum
461 3197 597 3261 videtur.
640 3198 727 3261 Nam
749 3209 954 3284 proprietates
977 3193 1180 3281 ingeniorum
1202 3193 1265 3258 dis.

231 3282 337 3365 picere
352 3281 474 3378 prorsus
488 3283 690 3346 necessarium
706 3283 761 3346 est.
800 3285 837 3346 ln
852 3282 904 3345 his
919 3301 1049 3367 quoque
1065 3291 1187 3342 certum
1204 3279 1297 3364 liu-7

232 3367 358 3430 diorum
374 3367 508 3430 sacerel‘
529 3368 691 3432 delestum
705 3389 802 3431 nemo
813 3365 997 3431 dissuaserit.
1041 3366 1194 3449 Namque
1207 3365 1276 3430 erit·
1380 3437 1387 3446 ¹

231 3452 314 3515 alius
329 3453 463 3516 historiae
476 3453 579 3538 stragis
594 3453 741 3530 idoneus,
757 3453 839 3516 allus
854 3450 1044 3536 compositus
1065 3448 1104 3512 ad
1127 3471 1266 3529 carmen,

231 3536 313 3600 alius
323 3538 410 3602 utilis
423 3538 522 3601 studio
532 3537 619 3616 uris,
632 3550 668 3601 ut
677 3535 822 3600 nonnulli
834 3559 886 3600 rus
901 3533 1024 3599 fortasse
1036 3533 1196 3596 mittendi.
1213 3536 1267 3598 Sic

229 3622 387 3696 discernet
418 3623 488 3686 haec
512 3561 640 3690 ‹sicendi
668 3623 827 3708 magister,
859 3643 925 3710 quo
951 3619 1047 3684 modo
1077 3618 1267 3707 palaestrieus
1357 3637 1361 3646 “

230 3708 286 3771 ille
301 3709 456 3772 cursorem
473 3707 580 3785 faciet,
597 3719 653 3771 aut
674 3707 832 3794 pugilem,
848 3717 904 3770 aut
924 3705 1124 3780 luttatorem,
1141 3703 1266 3767 alludve

231 3793 309 3880 quid
331 3816 371 3858 ex
385 3794 436 3872 iis,
451 3816 523 3880 quae
545 3793 618 3856 sunt
639 3791 795 3866 sacrorum
818 3791 1041 3870 certaminum.
1085 3788 1206 3852 Verum
1222 3786 1299 3869 ei‚8

265 3971 279 3998 ¹
296 3965 396 4024 gratIam
410 3965 440 4012 G.
451 3965 513 4012 lens.
526 3965 583 4030 quod
583 3965 638 4028 sere
644 3965 792 4028 praetulerim„
866 3973 879 3999 2
896 3963 1035 4024 seripserunt
1046 3959 1077 4005 G.
1150 3960 1266 4007 *oratin-

233 4029 391 4090 nibus-quae
404 4031 434 4076 G.
484 4031 644 4091 bpraeceptor
656 4032 685 4077 G.
736 4031 915 4091 cpervehatur.
964 4025 1095 4072 ‘valeleat
1107 4023 1138 4070 G.
1197 4025 1265 4073 ‘Sic

235 4093 307 4141 Colis.
326 4105 348 4139 et
366 4094 477 4158 ch'cofisi
498 4095 538 4142 reli
554 4096 587 4151 ui,
599 4095 657 4160 quod
675 4107 713 4140 nec
732 4095 817 4141 damno.
841 4094 887 4140 Sed
903 4094 942 4153 qui
959 4089 1049 4153 planius
1067 4097 1088 4133 et
1099 4088 1167 4134 Fabio
1177 4090 1266 4151 dignius

231 4158 358 4206 videbatur.
414 4156 424 4190 ¹
439 4159 469 4208 de
480 4160 520 4222 inſs
531 4113 595 4208 sens.
613 4161 638 4206 in
651 4160 690 4221 inst
706 4161 736 4205 G.
786 4156 807 4188 ff
823 4173 891 4217 agere
904 4157 1011 4216 Voffianur
1015 4152 1124 4218 sccundus
1135 4164 1174 4217 ap.
1186 4157 1264 4212 Barna

231 4223 254 4268 in
265 4222 325 4286 Aris.
338 4223 376 4288 qui
387 4223 474 4285 afficit,
479 4225 564 4286 juvari
575 4225 616 4272 hac
627 4224 715 4271 lectione
728 4221 817 4276 Vallum
830 4223 896 4285 Eleg.
909 4233 934 4285 5,
948 4225 986 4270 60.
