3022 4920
270 389 316 452 94
509 371 555 430 n.
576 369 703 430 naun
723 371 1075 444 uuiucniniaui

268 563 352 616 m,
369 535 539 612 aleatorem,
552 534 743 620 petulantem)
761 557 800 598 ex
826 533 1031 600 mediis·sunt
1047 533 1193 624 judiciis,
1219 539 1303 624 Olafi

274 647 364 690 reum
380 621 519 708 adjicien,
535 619 746 704 uoresatimes:
768 643 961 767 quarndquam
983 621 1017 684 hi
1041 641 1085 707 qu
1129 645 1171 685 ue
1190 625 1304 690 abillo
1335 665 1339 672 ·
1363 703 1365 708 ι

266 709 412 798 generali
429 707 562 772 trattatu
583 706 625 768 ad
638 706 786 792 quasdam
800 707 849 768 'de
874 706 925 770 uei
946 705 1065 792 species
1085 705 1118 770 so
1132 720 1199 788 ent,
1215 723 1262 792 ut,
1281 713 1301 776 fi

318 809 407 860 natur
422 792 539 856 adulter
552 815 658 869 eacus,
673 791 787 854 aleator
797 805 923 878 pauper,
926 791 1073 938 1petulans
1076 795 1184 876 senex.
1229 798 1300 868 Ha,

268 813 351 946 lint
375 893 482 945 autem
506 897 746 961 nonnumquam
769 876 864 938 etiam
886 875 927 940 de
940 877 1113 960 enfionem„
1157 880 1244 944 Nam
1268 894 1301 946 et
1314 894 1355 962 23

266 985 328 1053 ‚pto
344 965 478 1042 luxuria,
494 978 527 1026 et
541 974 622 1046 pro!
638 984 734 1024 amore
748 961 896 1038 dicimus,
909 975 943 1024 et
957 961 1030 1024 leno
1043 962 1171 1031 interim
1179 968 1299 1050 ‘parasi-

262 1052 386 1136 ,t'usque
401 1048 600 1114 defenditur:
632 1047 672 1109 sic
693 1059 729 1108 ut
751 1067 814 1108 non
837 1045 960 1110 homini
982 1049 1230 1133 patrocinemur,
1246 1043 1301 1119 sed

260 1135 409 1202 arimini.
453 1133 570 1198 Theses
583 1145 593 1172 ¹
608 1143 727 1208 autem,
742 1153 815 1216 quae
829 1130 997 1198 sumuntur
1018 1155 1058 1197 ex
1079 1157 1184 1198 rerum
1207 1153 1299 1208 coni·
1314 1150 1356 1214 24

259 1221 443 1310 ipanatione,
459 1233 496 1286 ut
521 1215 662 1304 rusticane
682 1216 760 1291 vita,
777 1241 817 1277 on
840 1217 959 1280 urbana
979 1219 1103 1304 potior?
1113 1220 1303 1318 jurisperiti„
1332 1261 1335 1265 ·

259 1331 311 1372 :aa
324 1305 467 1372 militaris
481 1305 544 1368 uiri
559 1303 625 1366 laus
639 1300 767 1398 majorefl
782 1301 861 1364 mire
883 1303 955 1366 funt
976 1303 1016 1366 ad
1038 1305 1300 1388 exercitationem

258 1393 397 1458 dicendi
412 1388 572 1476 speciosae³
589 1401 684 1472 atque
699 1387 824 1464 ubereS,
841 1409 913 1471 quae
929 1387 980 1451 vel
999 1389 1039 1452 ad
1053 1390 1207 1476 studendi
1227 1395 1299 1461 offi-

261 1481 369 1555 aium,
397 1477 448 1539 vel
469 1475 567 1538 etiam
596 1473 633 1536 ad
657 1470 853 1557 judiciorum
879 1473 1161 1558 disceptationem¹
1181 1475 1301 1563 juvant

259 1565 455 1652 ·plurinium.
499 1561 584 1622 Nam
607 1556 757 1644 posterior
779 1579 819 1620 ex
842 1559 1001 1643 praedietis
1022 1559 1125 1640 locus,
1141 1560 1175 1624 in
1197 1563 1300 1643 cauffo

268 1650 424 1714 Muraenae
440 1643 641 1728 copiotiffime
655 1664 674 1706 a
689 1641 844 1706 Cicerone
864 1645 1028 1708 tradatur.
1073 1647 1157 1718 Sunt
1180 1660 1217 1711 et
1235 1649 1298 1714 illae
1313 1659 1353 1729 25

260 1755 350 1820 qoene
364 1746 439 1798 totae
454 1729 493 1794 ad
509 1727 752 1798 deliberativum
777 1728 971 1813 pertinentes
994 1753 1110 1816 genus,
1126 1733 1300 1799 ducendane

258 1844 358 1896 ποτε,
374 1809 529 1903 ριίεπαῖνιε
542 1815 609 1898 stret
632 1811 853 1899 uogssratu's?
888 1816 1041 1900 Namque
1070 1816 1134 1895 hae,
1158 1819 1298 1902 personis

256 1903 367 1968 niodo
395 1901 537 1986 adjellis,
567 1897 708 1962 suasoria
744 1913 847 1962 erunt.
901 1901 1053 1964 Solebant
1087 1915 1298 1989 praeceptores
1312 1899 1354 1966 26

257 1989 345 2067 mei,
360 2007 466 2072 neque
481 1983 598 2062 inutili,
613 1996 646 2047 et
660 1984 754 2046 nobis
767 1985 864 2047 etiam
874 1983 1021 2069 jucundo
1035 2007 1152 2070 genere
1174 1991 1297 2062 exerci-

262 2073 407 2150 tationiS,
423 2085 595 2157 praeparare
609 2091 667 2132 nos
689 2068 956 2154 eonjeeturalibus
971 2071 1091 2147 caulis,
1108 2093 1185 2142 cum
1206 2099 1297 2161 quae.

255 2181 334 2224 ‘rere
345 2171 442 2242 atque
464 2154 593 2240 exsequi
611 2153 774 2239 juberent,
792 2155 853 2216 Gur
868 2168 987 2219 arenata
1000 2157 1091 2254 apud
1104 2158 1296 2226 Lacedaemo-

256 2245 328 2308 nios
348 2243 471 2308 Verus?
492 2253 525 2302 et
541 2239 620 2315 itan,
639 2239 723 2324 Quid
736 2241 899 2304 crederetur
911 2252 924 2279 V
948 2243 1061 2329 Cupedo
1079 2257 1168 2328 puer,
1182 2269 1219 2308 ac
1241 2268 1295 2310 vo-

251 2329 353 2407 ‹lueer,
369 2340 397 2390 et
412 2326 542 2413 sagittis
566 2349 602 2388 ao
617 2325 868 2408 facearrnatuo?
899 2339 934 2389 et
957 2326 1088 2390 similia:
1120 2328 1154 2391 in
1178 2331 1297 2416 quibus

255 2414 483 2478 demtabamnr
506 2409 714 2488 voluntatem,
739 2409 831 2496 eujus
853 2410 887 2472 in
910 2413 1125 2476 controversiis
1148 2413 1295 2500 frequens

262 2499 393 2585 quaestio
406 2498 466 2562 est:
493 2496 581 2581 quod
595 2517 698 2582 genus
713 2494 810 2558 chriae
824 2495 925 2560 videri
938 2499 1051 2582 potest.
1094 2500 1182 2562 Nam
1205 2503 1294 2565 looos
1309 2511 1348 2579 17

264 2583 406 2670 quidem,
423 2581 535 2668 quales
551 2581 624 2644 sunt
639 2579 680 2642 de
704 2580 848 2659 testibus,
861 2583 1014 2670 senuerue
1029 2583 1076 2646 his
1089 2586 1295 2650 credendum?

261 2683 297 2734 et
322 2667 363 2732 de
388 2664 599 2754 augumentis,
621 2689 661 2727 on
683 2665 821 2728 habenda
843 2667 933 2730 etiam
950 2669 1061 2756 parvis
1073 2667 1186 2754 fides?
1214 2671 1295 2736 adeo

263 2753 467 2818 manufestum·
480 2752 525 2814 est
538 2749 579 2814 ad
592 2749 731 2814 forenses
752 2751 894 2816 ultiones
908 2755 1077 2839 pertin'e‘re‚
1091 2768 1129 2818 ut
1149 2754 1294 2842 quidam,

293 2967 305 2997 o
322 2971 366 3017 pro
374 2973 416 3002 aa.
429 2953 463 3004 G.
537 2963 548 2992 ¹
562 2953 646 3002 Thetis
657 2953 688 3002 G.
697 2955 761 3002 lens.
772 2973 800 3002 ex
812 2955 892 3006 Graeeo
903 2954 984 3010 diotre.
1059 2965 1070 2994 ⁰
1087 2958 1193 3020 spatiolae
1204 2961 1294 3024 quidam

261 3022 323 3070 odiri.
337 3022 388 3069 Vid.
401 3023 484 3069 Reum.
549 3035 557 3060 t
575 3021 823 3082 disceptationemque
834 3021 897 3068 edin.
903 3021 995 3083 prima,
1006 3033 1032 3070 ot
1043 3023 1181 3086 intelligatur
1191 3025 1292 3088 ficium.

264 3095 283 3156 ¹¹·
296 3087 389 3147 etquid
405 3088 442 3134 itu
453 3087 484 3134 G.
555 3091 569 3115 v
587 3086 709 3132 crederent
718 3086 782 3134 Jens.

298 3251 342 3296 23.
365 3241 411 3302 pro
431 3233 539 3285 luxuria
558 3242 582 3283 et
594 3241 640 3300 pro
655 3234 753 3298 amore]
804 3251 860 3285 nem
879 3231 962 3286 referri
981 3249 997 3284 a
1016 3233 1148 3286 Laelantio
1162 3254 1186 3298 1,
1198 3253 1249 3288 20:
1264 3234 1293 3290 ‘et

259 3303 342 3373 Qum
354 3313 436 3354 tamen
452 3315 533 3364 caute,
543 3313 567 3352 et
575 3301 683 3371 liispenl'o
692 3320 753 3370 qua·
804 3303 848 3355 elle
870 3304 900 3353 de
923 3321 951 3354 ea
972 3304 1164 3373 Epigrammata
1183 3307 1293 3361 Ausonii

259 3372 378 3440 fivgradu,
390 3391 418 3424 ea
435 3373 465 3425 im
478 3391 503 3427 re
520 3373 618 3434 versari,
630 3373 678 3422 viri
696 3373 753 3440 qui·
804 3374 896 3426 Graeca
907 3373 957 3424 duo
968 3391 994 3424 n.
1007 3390 1040 3434 42
1059 3385 1084 3424 et
1100 3392 1134 3440 43
1147 3397 1153 3426 ε
1174 3376 1294 3446 aliudque

257 3443 314 3494 dem
335 3459 425 3510 graves
449 3442 552 3504 soleant,
572 3441 610 3492 vel
640 3441 754 3493 Caeliana
802 3443 920 3494 Leonidae
934 3442 1206 3512 inAnthol.1,38‚7.
1220 3447 1292 3506 item-

259 3509 344 3564 Tullii
355 3510 413 3564 satis
425 3513 511 3563 docet.
528 3512 597 3564 Idem
609 3512 684 3562 etiam
696 3511 751 3564 reli·
802 3529 852 3580 que
871 3511 938 3562 aliud
960 3511 1054 3580 Angeli
1073 3513 1191 3572 Politiani
1210 3513 1289 3585 Epill.
1373 3551 1374 3554 =

258 3579 431 3650 quoslocoss.
457 3581 534 3634 theses
546 3581 672 3641 nudavit,
684 3600 710 3632 v.
723 3601 749 3650 g.
804 3600 830 3647 5.
851 3601 876 3650 p,
898 3599 934 3631 m.
958 3599 1017 3646 143.
1037 3581 1076 3633 De
1088 3583 1177 3641 Venere
1188 3597 1292 3638 armata

247 3651 288 3701 vde
311 3651 363 3702 vita
385 3651 478 3703 rustica
496 3663 520 3702 et
542 3652 636 3703 urbana
656 3669 700 3719 pro
724 3654 750 3702 S.
799 3663 824 3702 et
844 3649 947 3702 Vittrice
967 3653 992 3702 in
1014 3655 1123 3703 nummis
1142 3665 1166 3706 et
1184 3658 1290 3722 gemmis

257 3716 349 3772 Roscio
362 3721 497 3782 Amerino,
508 3740 553 3791 pro
569 3721 686 3772 Muraena
706 3739 751 3772 au·
800 3720 852 3772 vid.
876 3721 964 3772 Bunn.
984 3721 1118 3790 Cupidinis
1138 3723 1290 3794 mythologi-

255 3800 317 3851 tem,
330 3791 398 3859 qnod
415 3791 469 3859 iple
484 3809 542 3843 mox
553 3801 635 3842 monet
647 3791 751 3852 Fabius,
801 3807 840 3840 am
862 3801 887 3841 et
908 3789 1071 3860 iconologiam
1097 3791 1238 3862 complexus
1257 3795 1290 3848 est

255 3859 287 3912 de
299 3863 484 3929 comparatione
495 3863 530 3912 rei
542 3859 657 3912 militaris
670 3873 693 3912 et
710 3863 751 3926 ju·
801 3859 945 3928 Propertius
966 3879 990 3920 2,
1005 3879 1030 3926 9.
1049 3861 1094 3912 ubi
1115 3861 1220 3914 Marulli
1241 3863 1290 3915 ele·-

255 3929 435 4000 risprudentiae.
798 3946 860 3996 gans
872 3946 968 3980 carmen
983 3929 1079 3982 addidit
1091 3929 1288 3988 Brouckhufius.

241 3991 246 4000 ’
293 4001 336 4050 26.
355 4009 462 4051 armata
480 4001 570 4064 Venus]
589 4001 647 4050 Non
665 3999 750 4052 ideoa
798 3997 858 4049 Fere
875 4009 956 4048 totum
977 4001 1051 4050 etiam
1069 4018 1093 4051 c.
1116 4019 1159 4064 27.
1181 4001 1239 4054 libri
1262 4024 1287 4057 1.

255 4071 328 4122 nobis
351 4071 602 4137 praetermittendum,
626 4069 693 4137 quod
717 4075 749 4124 ab
798 4067 963 4136 Anthologiae
984 4069 1201 4138 Epigtammatum
1214 4075 1289 4127 Grae.

254 4140 311 4192 aliis
331 4137 382 4202 jam
403 4139 561 4192 observatum
580 4139 621 4200 est,
643 4147 749 4190 armata
798 4162 884 4200 corum
895 4142 928 4204 εἰς
941 4138 1017 4218 ipone
1028 4147 1077 4200 huc
1089 4149 1203 4220 pertinet.

253 4210 322 4279 apud
338 4209 532 4266 lacedemonios
553 4208 652 4262 'Veneris
670 4209 748 4278 origi-

1499 1776 1508 2239 l
