2938 4910
220 383 289 444 4401
314 437 320 454 ,
472 367 1037 432 u.raurrou1ucr1n1aur

247 553 289 596 uo
304 535 338 598 e't
350 531 510 632 descripto
524 545 558 600 et
571 533 636 600 de⁰
650 534 807 599 voluntate
819 533 986 635 quaeritur.
1031 533 1069 598 ld
1083 545 1156 600 tum
1169 534 1259 602 aoei-

221 554 282 698 iit,
294 641 372 694 ‘eum
396 619 438 682 est
460 642 492 682 m
508 618 581 706 lege
596 617 703 706 aliqua
719 619 905 700 obscunus,
922 634 956 684 et
977 620 1011 684 in
1033 642 1071 684 ea
1091 633 1149 686 aut
1169 635 1259 686 uter·

222 725 286 790 que
301 703 387 768 suam
404 703 696 786 interpretationem
716 705 895 786 confirmat,
911 717 971 770 et?
993 705 1160 770 adversarii
1180 707 1259 772 sub-

222 788 328 868 vertit,
343 803 380 854 ut
394 789 459 866 hic,
476 789 540 852 Fur
553 789 754 878 quadruplum
757 789 867 878 solvat
879 819 889 856 .·
912 791 1187 940 duffurripuerunt
1195 809 1259 880 pa·
1274 811 1298 862 u

222 875 296 937 riter
310 876 405 938 decem
419 873 527 955 millia,
546 888 689 964 petuntur
704 877 743 940 cb
762 887 885 965 utroque
899 901 958 964 quo
982 901 1018 940 ra
1042 901 1108 958 ena,
1124 875 1173 940 illi
1190 877 1261 1026 ppp-

223 959 335 1040 tulcnt‚
348 975 382 1024 ut
404 960 510 1024 vicena
532 961 706 1048 eorfferant:
740 984 814 1028 nam
838 975 871 1025 et
891 963 982 1028 aiior
1026 962 1095 1040 rcit,
1117 962 1180 1028 hoc
1198 984 1217 1027 e
1241 985 1263 1027 e

223 1045 449 1132 quadruplum,
464 1046 553 1132 quod
567 1059 666 1132 petat,
682 1059 716 1112 et
729 1047 799 1112 rei‘l
820 1046 897 1127 hoc,
914 1046 1002 1134 quod
1019 1047 1175 1112 offerant:
1199 1069 1261 1112 vo-

222 1129 331 1194 luntas
346 1153 475 1218 quoque
489 1132 654 1220 utrimque
668 1131 862 1198 defenditur.
906 1135 989 1208 Aut,
1005 1153 1081 1196 curn
1100 1131 1141 1196 de
1157 1131 1293 1219 alterog

222 1215 389 1282 intelle&
403 1227 527 1280 certum
542 1217 595 1298 est,
612 1217 652 1281 de
667 1216 768 1282 altero
781 1217 929 1284 dubium.
971 1217 1026 1282 Ex
1038 1217 1186 1282 meretrice
1200 1243 1261 1282 na-

224 1311 272 1364 tus
300 1327 336 1364 nc
365 1302 558 1366 concionetrcr.
606 1304 682 1368 Quae
699 1302 808 1390 filium
837 1303 976 1382 babebat,
1003 1301 1133 1392 prestare
1161 1303 1261 1390 coepit.

223 1387 403 1451 Prohibetur
417 1385 579 1476 cdolffcens
595 1389 736 1454 concione.
777 1389 863 1453 Nam
877 1388 918 1453 de
934 1387 1003 1476 ejus
1018 1389 1095 1467 filio,
1112 1389 1262 1476 quaean-
1300 1451 1307 1458 ,

222 1483 257 1536 te
279 1487 406 1558 parturn
435 1474 585 1538 meretrix
610 1474 684 1553 fuit,
710 1488 834 1540 certum
860 1475 921 1538 est:
957 1497 998 1539 an
1023 1473 1136 1538 eadem
1163 1473 1262 1561 hujus

223 1559 326 1622 caussa
342 1559 389 1638 stt,
404 1557 539 1622 dubium
556 1561 619 1624 est:
644 1559 722 1646 quia
735 1583 775 1624 ex
789 1560 849 1624 hac
864 1573 971 1639 natus,
988 1573 1020 1624 et
1041 1557 1133 1624 haecr
1154 1582 1260 1624 mere-

222 1643 285 1707 trix
301 1644 354 1706 est.
400 1643 489 1706 Solet
503 1657 537 1708 et
557 1645 639 1710 illud
659 1645 771 1732 quaeri,
786 1667 852 1732 quo
873 1645 1037 1724 referatur,
1053 1644 1142 1730 quod
1163 1645 1296 1730 scrip-4

223 1741 294 1792 turn
311 1729 364 1805 est,
382 1729 437 1792 Bis
452 1729 488 1790 de
501 1731 602 1794 ecdem
618 1756 649 1794 re
664 1756 699 1794 ne
709 1731 755 1816 sit
770 1731 868 1796 attio:
892 1729 926 1794 id
941 1731 996 1808 est,
1012 1729 1077 1794 hoc
1092 1729 1136 1792 bis
1150 1731 1190 1794 ad
1204 1754 1261 1794 ac-

224 1829 341 1894 torem,
357 1836 396 1878 an
413 1813 454 1878 ad
469 1815 652 1880 notionem?
678 1818 761 1880 Haec
775 1839 814 1880 ex
832 1815 904 1902 jure
919 1815 1066 1880 obscuro.
1111 1814 1262 1880 Alterum

249 1895 328 1963 enus
344 1899 440 1963 estex
457 1899 641 1966 manifesto:
665 1901 774 1987 quod⁵
798 1901 855 1986 qui
877 1901 979 1964 solum
995 1900 1156 1979 viderunt,
1172 1901 1274 1965 huno-

213 1921 329 2068 }ntum
351 1981 441 2072 plani
466 1998 494 2046 et
517 1987 684 2051 voluntatis
708 1987 957 2072 appellaverunt.
1003 1987 1040 2050 In
1071 1985 1134 2050 ho'c
1163 1986 1264 2050 altera

227 2093 297 2156 pars
311 2069 427 2157 scripto
442 2071 556 2134 nititur
564 2079 584 2149 ἲ,
600 2071 699 2136 altera
723 2071 898 2136 voluntate.
944 2070 1008 2134 Sed
1029 2085 1141 2136 contra
1161 2073 1295 2163 scrip-5

223 2171 295 2220 tum
319 2155 422 2220 tribus
444 2157 617 2242 generibus
641 2157 830 2220 occurritur.
875 2157 988 2220 Unum
1009 2157 1063 2234 est,
1086 2155 1206 2244 inquo
1227 2157 1264 2226 id
1297 2207 1300 2214 .

224 2241 336 2307 servari
350 2233 496 2325 semperu
517 2263 581 2304 non
596 2241 681 2326 poss'e
700 2262 740 2304 ex
763 2239 829 2326 ipso
852 2253 952 2340 patet.
997 2241 1102 2306 Liberi
1122 2255 1264 2328 parentes

224 2327 322 2405 olant,
338 2338 393 2390 aut
406 2325 602 2390 vinciuntur:
626 2348 690 2388 non
707 2325 793 2388 enim
810 2325 996 2412 aihgabitur
1010 2325 1127 2390 infans.
1171 2328 1265 2392 Hino

118 2430 121 2438 ·
154 2484 156 2488 ¹
224 2413 285 2475 erit
299 2411 339 2476 ad
354 2411 416 2476 alia
430 2411 587 2488 transrtus,
603 2423 637 2476 et
650 2409 771 2489 divisio,
787 2423 887 2491 nunt,
922 2412 1033 2497 uisquis
1048 2435 1107 2476 non
1121 2411 1265 2476 aluerit?

199 2577 202 2583 Ι
223 2509 313 2561 num²
329 2497 402 2560 hic?
418 2499 548 2582 Propter
563 2497 625 2561 hoc
664 2507 824 2581 reponunt
838 2437 968 2581 quitiam
982 2497 1046 2560 tale
1060 2519 1165 2583 genus
1180 2520 1262 2563 con·
1277 2503 1299 2565 6

223 2583 456 2659 troverfiarum‚
466 2580 498 2645 in
512 2603 576 2668 quo
588 2519 713 2645 nulium
724 2595 952 2668 argumentum
967 2582 1022 2660 est,
1033 2583 1123 2670 quod
1134 2605 1174 2648 ex
1188 2583 1266 2671 lege

224 2668 289 2754 ipsa
304 2667 370 2755 peti
385 2667 505 2754 poffit¹‚
520 2665 574 2732 sed
590 2667 631 2731 de
644 2688 684 2729 eo
699 2679 837 2745 tantum,
853 2666 893 2730 de
909 2689 975 2752 quo
990 2667 1029 2730 lis
1044 2669 1099 2748 est,
1115 2691 1265 2754 quaeren-

223 2754 304 2818 dum
325 2754 373 2818 fit.
418 2753 610 2840 Peregrinus,
623 2751 656 2837 st
669 2775 785 2814 murum
800 2751 972 2838 ascenderit,
990 2753 1085 2838 capite
1100 2754 1264 2850 puniatur.

226 2839 301 2904 Cum
311 2837 402 2925 vhostes
416 2862 532 2901 murum
547 2837 747 2924 oscendiffcnt,
783 2837 933 2924 ercgrinns
948 2862 992 2902 eos
1007 2838 1139 2925 depulit:
1153 2840 1267 2926 petitur

225 2927 269 2987 nd
271 2923 462 3022 supplicium.
478 2925 556 2987 Non
569 2935 664 2987 erunt
677 2921 732 2986 hic
746 2853 894 3008 &parata
906 2923 1106 3008 quaestiones,
1117 2925 1171 2988 An
1182 2925 1264 3012 quis·
1280 2944 1300 3012 7

225 3013 315 3098 qun?
330 3034 372 3073 en
386 3009 456 3072 hic?
471 3009 549 3094 quia
564 3007 691 3074 nullum
706 3008 804 3094 potest
820 3007 922 3072 afferri
938 3019 1167 3093 argumentum
1183 3031 1266 3074 con-

224 3108 274 3158 tra
286 3095 437 3181 scriptum
452 3093 674 3160 vehementius
689 3115 740 3170 eo,
752 3092 840 3178 quod
855 3092 959 3156 inlito
974 3093 1032 3155 est:
1048 3093 1102 3156 sed
1117 3093 1180 3158 hoc
1194 3107 1268 3158 tan-

225 3193 309 3259 tum,
319 3183 371 3242 An
386 3179 593 3326 nclservnndae
604 3178 722 3264 quidem
733 3178 864 3242 civitatis
877 3178 999 3263 caestu?
1014 3179 1103 3263 Ergo
1114 3192 1148 3242 et
1162 3180 1269 3266 aequi.

226 3268 315 3328 tateb
330 3277 364 3327 et
377 3286 418 3327 vo
431 3275 540 3330 untate
555 3263 777 3350 pugnandum.
823 3261 906 3326 Fieri
922 3277 1029 3326 tamen
1045 3265 1157 3348 potest,
1174 3277 1211 3328 ut
1225 3287 1268 3330 ex

226 3349 297 3414 aliis
312 3348 441 3436 iegibus
456 3347 601 3433 exempla
614 3348 783 3425 ducamus,
800 3369 856 3432 per
877 3370 950 3432 quae
968 3363 1128 3444 appareat,
1143 3349 1268 3434 semper

226 3434 318 3497 itaric
334 3433 449 3528 scripto
464 3455 528 3496 uon
543 3433 638 3518 posse,
654 3445 691 3497 ut
706 3432 821 3497 Cicero
838 3448 894 3521 pro
911 3433 1031 3497 Caeccnc
1047 3431 1137 3498 fecit.
1181 3437 1264 3500 Ter,
1282 3439 1302 3503 8

191 3625 195 3639 ¹
261 3625 271 3649 ⁶
290 3637 331 3667 um.
342 3621 373 3668 G.
396 3673 398 3679 Ι
449 3618 516 3666 rSic
528 3618 559 3665 G.
571 3617 660 3682 etVff
674 3634 697 3668 2.
709 3619 773 3667 etcl.
849 3627 861 3668 (Ι
879 3637 922 3666 cm.
933 3619 964 3666 G.
976 3611 1041 3666 malci
1123 3621 1267 3669 tom.Jens·.

228 3694 237 3720 ⁸
255 3703 295 3733 om.
307 3687 338 3734 G.
349 3684 412 3732 Jens.
495 3688 503 3721 t
521 3683 631 3736 innititur
643 3685 674 3732 G.
757 3691 768 3715 ¹¹
788 3683 847 3730 serr.
858 3698 908 3732 non
919 3683 983 3746 poffe
994 3697 1024 3730 ex
1036 3683 1086 3743 ipso
1097 3683 1191 3745 semper
1200 3685 1268 3732 Jens.

228 3757 241 3782 Χ
259 3765 317 3796 narn
329 3751 360 3798 G.
372 3748 435 3807 Jent',
542 3753 553 3778 ²
573 3755 623 3795 non
635 3747 675 3796 iid.
774 3755 796 3778 ²·
804 3749 880 3810 potest
891 3749 922 3796 G.
1019 3747 1030 3778 ⁰
1049 3747 1136 3810 liquid
1146 3750 1180 3798 est
1190 3763 1223 3797 ex
1234 3749 1268 3797 G.

116 3817 121 3828 '
228 3819 247 3843 ⁶·
258 3817 316 3862 stare
330 3815 361 3862 G.

265 3999 291 4042 7.
311 3979 392 4031 Cicero
399 3987 445 4048 pro
457 3975 565 4042 Cercina]
582 3975 654 4029 Bona
666 3995 720 4046 par-
771 3977 836 4028 inter
863 3994 905 4028 nor
932 3973 1117 4044 aucupabimur.
1154 3975 1271 4046 Denique

174 4051 184 4070 ‘
228 4062 253 4102 te
264 4050 383 4101 orationis
402 4049 508 4118 acapite
519 4049 574 4100 inde
589 4065 622 4110 14
638 4048 723 4099 divine
770 4045 898 4114 imperium
909 4045 1056 4114 domeflincm
1067 4043 1159 4096 nullum
1171 4043 1232 4106 erit,
1245 4045 1274 4110 fi

225 4121 295 4172 hunc
308 4119 390 4176 locum
402 4119 534 4175 tratiavitr
554 4135 580 4169 v.
594 4135 621 4195 g.
639 4135 663 4167 c.
680 4120 721 4168 18.
763 4113 877 4185 servulis
894 4114 936 4167 hoc
950 4113 1034 4183 nostris
1043 4111 1229 4181 roncffrimm,
1242 4125 1272 4166 ut

230 4193 313 4240 Sermo
336 4187 467 4240 mehercule
490 4197 514 4238 ct
534 4185 677 4254 santiliaris
699 4194 723 4237 et
772 4184 808 4238 ad
817 4183 1107 4248 verbanobisobcdiant‚
1120 4199 1167 4234 non
1178 4183 1217 4233 ad
1231 4183 1275 4252 id,-

228 4258 381 4329 quotidianus
393 4275 439 4310 non
450 4255 587 4318 cohaerebit,
596 4254 623 4324 fi
636 4253 723 4323 verba
772 4253 835 4324 quod
855 4269 888 4306 ex
906 4253 993 4306 verbis
1011 4251 1114 4322 intelligi
1130 4251 1209 4322 poffit,
1227 4252 1271 4306 ob.
