3022 4920
236 393 295 472 138
473 391 521 456 M.
534 387 661 457 rnen
683 383 1031 462 numentum

231 554 479 646 defendentur&
524 555 688 624 Ponuntur
701 553 754 623 he
775 574 904 654 quoque
924 554 959 622 in
979 551 1117 624 seeundo
1135 552 1268 625 Cicero.-

232 643 283 712 nis
305 641 346 712 de
364 653 490 708 oratore
508 639 591 706 libro
615 640 895 721 contrudidhones,
916 643 1023 708 Artem
1047 663 1148 706 earum
1169 665 1270 706 rerum

229 755 295 810 ee,
324 752 392 816 quae
405 727 567 814 seiantur:
598 728 720 792 oratoris
745 751 855 792 omnem
880 728 1021 794 odilonem
1043 727 1184 817 opinione,
1207 751 1270 792 uon

245 817 351 883 aientia
366 812 527 894 contineri3
555 814 626 900 quia
641 825 670 876 et
685 815 769 901 apud
781 836 824 878 eus
839 812 932 894 dieat,
988 814 999 878 i
1013 815 1153 902 nuseium,
1168 825 1196 876 et
1209 813 1271 900 ipfl

232 903 314 968 dicat
334 899 508 986 aliquando,
529 901 608 986 quud
626 899 747 986 nifit'ot.
791 901 838 962 Ex
860 898 912 964 hie
933 839 1081 978 dierum,
1100 897 1134 962 id
1155 899 1210 976 est,
1227 920 1267 971 on
1278 910 1323 982 37

230 987 308 1054 sciat
317 983 430 1073 judex,
445 984 487 1050 de
502 1005 569 1072 quo
583 985 718 1064 dicetur,
734 983 815 1050 nihii
829 984 870 1050 ad
884 987 1017 1052 oratoris
1030 999 1130 1052 artem
1146 1007 1154 1046 τ
1177 983 1268 1059 alteri

230 1069 497 1160 respondendum,
510 1070 573 1136 Ars
588 1094 797 1138 caramerum
811 1069 861 1158 ss,
877 1095 946 1158 quae
947 1072 1099 1158 sciuntur.
1145 1069 1267 1134 Rheto-
1279 1065 1324 1153 38

230 1159 363 1224 ricem
384 1157 428 1220 est
448 1157 532 1222 bene
552 1156 694 1237 dicendi,
709 1157 793 1232 bene
814 1169 921 1224 autem
943 1157 1050 1225 dicere
1071 1156 1130 1220 seit
1150 1169 1268 1220 orator.
1319 1233 1322 1240 Ι

233 1244 300 1312 Sed
313 1241 412 1310 nescit
425 1263 465 1308 an
481 1264 592 1310 verum
614 1242 662 1322 fit,
679 1242 768 1330 quod
789 1242 880 1310 dicit.
924 1244 979 1308 Ne
1000 1242 1036 1306 hi
1052 1241 1195 1330 quidem,
1211 1241 1271 1327 qui

232 1329 345 1418 ignem
364 1340 420 1394 aut
439 1350 566 1416 aquom,
581 1340 637 1393 out
657 1340 797 1414 quotuor
816 1328 987 1407 elemento,
1003 1341 1058 1392 aut
1070 1349 1203 1413 corpore
1216 1328 1269 1392 in«
1371 1399 1374 1405 Ι

231 1413 380 1482 secabilia
393 1411 464 1494 effe,
479 1413 650 1499 exquibus
671 1435 722 1478 ree
743 1435 855 1478 omnen
870 1413 998 1484 initium
1015 1413 1188 1490 duxerunt,
1203 1424 1270 1478 tru-

232 1501 336 1581 dunt3
371 1521 431 1566 nee
456 1499 512 1588 qui
536 1499 704 1564 intervallo
727 1497 875 1578 siderum,
901 1511 935 1564 et
957 1500 1117 1564 mensurae
1138 1499 1211 1564 solis
1232 1520 1271 1570 ao

232 1601 327 1654 terne
349 1585 530 1684 eolligunt:
559 1585 758 1674 disciplinam
780 1599 889 1650 tomen
910 1583 1011 1660 suom,
1028 1597 1123 1650 artem
1143 1596 1270 1652 vocant.

153 1667 158 1684 ⁴
234 1671 370 1740 Quodn
386 1684 469 1739 ratio
483 1671 591 1750 efficit,
606 1685 644 1736 ut
662 1671 735 1738 haee
756 1693 821 1736 non
836 1671 971 1758 opinen',
987 1670 1042 1735 ted
1062 1684 1190 1758 propter
1203 1669 1271 1738 vim

233 1757 457 1847 probationum
478 1752 556 1822 seire
576 1755 764 1834 videantur3
787 1756 899 1822 eadem
921 1756 1002 1822 ratio
1023 1755 1109 1822 idem
1131 1757 1272 1844 proestare

233 1843 351 1910 oratori
366 1843 478 1930 potest.
523 1841 587 1908 Sed
607 1864 647 1908 an
667 1842 770 1908 eaufia
784 1864 858 1908 vera
872 1843 919 1922 fit,
935 1842 1044 1908 nescit.
1088 1843 1143 1913 Ne
1164 1841 1270 1906 medi·
1281 1858 1327 1926 39

234 1952 293 1996 cus
315 1928 459 2016 quidem,
474 1950 514 1994 an
536 1928 681 1992 dolorem
702 1927 816 2014 cepitis
837 1927 967 2007 hebent,
989 1927 1045 2014 qui
1066 1927 1130 1991 hoe
1151 1927 1181 1992 se
1202 1929 1271 2014 pati

234 2015 344 2080 dioetz
368 2013 493 2080 curabit
514 2026 634 2094 tumen,
654 2025 818 2102 tamquam
841 2013 876 2078 id
891 2035 1000 2082 verum
1023 2013 1071 2092 fit,
1087 2025 1121 2078 et
1141 2014 1201 2078 erit
1221 2035 1271 2078 ars

212 2171 215 2180 ,
235 2099 407 2168 medicina.
451 2099 564 2166 Quid?
618 2097 685 2165 uod
703 2097 861 2164 rhetorice
872 2121 937 2166 non
952 2099 1063 2186 utique
1077 2099 1272 2196 propositum

234 2185 336 2252 hebet
357 2185 479 2270 semper
501 2206 575 2248 vera
596 2122 736 2263 dicendi,
758 2183 811 2250 sed
836 2185 959 2272 semper
983 2183 1182 2250 verifimina?
1214 2185 1273 2253 seit

236 2285 344 2350 eutem
374 2270 434 2334 effe
466 2269 655 2346 verifimilia,
683 2293 758 2356 qnae
786 2268 880 2336 dicit.
923 2269 1093 2337 Adiciunt
1122 2269 1186 2350 his,
1215 2269 1271 2358 qui
1283 2285 1329 2348 40
1387 2333 1390 2338 .

236 2368 348 2424 eontra
361 2354 513 2434 sentiunt,
529 2354 616 2440 quod
629 2354 710 2440 impe
725 2377 799 2441 quae
820 2353 854 2420 in
876 2355 948 2422 aliis
968 2294 1080 2420 litibus
1100 2355 1271 2444 impugna·
1299 2435 1302 2440 Δ

236 2455 312 2514 runt
326 2441 447 2506 adores
467 2441 652 2519 cantiorum,
668 2440 782 2508 eudem
797 2441 831 2506 in
853 2440 923 2506 aliis
942 2441 1127 2508 defendant.
1173 2441 1274 2508 Quod

237 2550 303 2594 non
328 2526 414 2606 artis,
429 2525 483 2592 sed
504 2525 646 2592 hominis
666 2528 709 2590 est
731 2525 858 2592 vitium.
903 2529 986 2592 Haec
1007 2526 1079 2597 sunt
1100 2527 1273 2614 praecipua,

236 2635 310 2702 quae
331 2624 442 2678 contre
462 2611 639 2678 rhetoricen
662 2612 856 2680 dicenturb:
880 2611 943 2678 elio
963 2623 997 2676 et
1018 2611 1153 2691 minore,
1166 2625 1201 2680 et
1222 2625 1271 2678 to-

236 2721 314 2778 nnen
339 2721 380 2764 en
393 2697 444 2762 hie
467 2697 612 2762 fontibus
633 2697 786 2764 detineto.
831 2697 1047 2768 confirmatur
1068 2713 1177 2765 autem
1200 2719 1272 2767 eam
1284 2710 1326 2774 41

237 2783 410 2870 ostionem,
425 2783 575 2850 breviter.
602 2783 704 2850 ,Nam
729 2782 789 2850 five
817 2788 868 2868 (ut
889 2783 1064 2850 Cleanthes
1083 2783 1200 2865 voluit)
1222 2808 1274 2856 ars

238 2869 407 3018 estpoteslas
421 2871 488 2948 via,
500 2868 533 2933 id
548 2869 602 2946 est,
620 2869 721 2932 ordine
735 2868 882 2954 ffciens;
905 2870 965 2934 effe
979 2884 1067 2934 certe
1079 2869 1161 2932 viam
1177 2881 1275 2956 atque

239 2978 275 3020 or
298 2956 384 3020 inem
407 2953 441 3018 in
455 2955 538 3019 bene
562 2953 699 3020 dicendo
723 2976 819 3020 nemo
835 2955 1048 3020 dubitaverit:
1072 2955 1132 3020 five
1153 2954 1209 3018 ille
1230 2956 1273 3018 ab

239 3040 390 3106 omnibus
411 3039 478 3104 fere
498 3041 648 3127 probatus
664 3039 734 3103 finis
756 3039 949 3120 observatur,
965 3053 1064 3103 artem
1079 3041 1217 3104 constare
1232 3040 1273 3102 en

238 3123 507 3215 praeceptionibus
527 3123 853 3192 consentientibuset
875 3124 1093 3193 coexercitatis
1114 3124 1156 3189 ad
1176 3125 1274 3197 finem

387 3317 397 3344 ⁸
416 3311 528 3360 defendet
542 3311 573 3360 G.
584 3313 647 3360 Jens.
664 3312 736 3362 intell.
747 3313 872 3362 rhetorice.
935 3309 947 3342 Β
965 3311 1079 3359 dicuntur
1090 3311 1124 3360 G.

280 3494 322 3558 3⁶·
341 3493 492 3558 dearctare]
505 3493 547 3546 Ex
558 3493 667 3546 Antonii
678 3510 735 3564 per·
784 3491 833 3563 ipse
845 3489 933 3544 Cicero
944 3509 989 3562 pro
1000 3489 1103 3544 Cluent.
1117 3509 1140 3544 c.
1157 3507 1199 3557 50.
1213 3491 1250 3560 sq.

241 3561 335 3624 sonae.
350 3580 377 3626 7.
819 3577 865 3626 41.
885 3579 919 3612 ex
935 3571 1051 3631 precept.
1070 3562 1183 3631 consent]
1212 3561 1274 3622 Per·

278 3650 322 3697 40,
347 3649 400 3702 quae
417 3631 444 3687 in
460 3630 518 3684 aliis
532 3632 614 3685 litibus
625 3631 733 3702 impug.]
784 3629 927 3700 captionibus
944 3631 994 3698 legi
1011 3631 1100 3684 volunt
1118 3632 1166 3682 viri
1184 3629 1274 3682 dodis-

239 3702 374 3760 Antonins
385 3702 451 3773 apud
461 3703 606 3756 Ciceronem
617 3702 648 3754 de
660 3705 734 3755 Orat.
784 3699 846 3752 fimi.
865 3700 925 3752 Vid.
938 3702 969 3752 ad
982 3721 1008 3763 2,
1023 3719 1064 3766 17,
1080 3705 1121 3752 18.
1143 3701 1187 3751 ubi
1199 3701 1275 3754 rebus

243 3789 271 3833 2,
284 3792 310 3838 7.
330 3772 363 3824 Et
374 3789 416 3824 nos
432 3771 573 3825 contrarias
582 3775 656 3843 sape
666 3789 712 3824 cau
724 3805 735 3815 -
783 3769 928 3833 necessariis,
940 3782 969 3822 ut
986 3772 1059 3824 nobis
1076 3769 1217 3829 videbatur,
1230 3769 1274 3820 ad-

236 3843 284 3913 sas
301 3841 413 3903 dicimus,
433 3859 479 3894 non
502 3843 568 3903 modo
588 3853 615 3894 ut
638 3774 735 3911 Grandi
783 3839 854 3892 dedii
861 3838 1025 3908 perceptiones
1036 3838 1197 3907 reposuimus.
1222 3840 1274 3892 Hic

240 3922 328 3974 contra
339 3928 377 3967 me
392 3910 459 3963 dicat
476 3910 615 3980 aliquando,
628 3921 674 3964 aut
689 3929 731 3980 ego
784 3926 832 3960 non
844 3907 892 3960 anfi
910 3911 994 3962 sumus
1013 3909 1141 3960 lectionem
1160 3909 1273 3968 omniurn

240 3992 328 4037 centra
341 3980 468 4050 Craffum3
486 3999 539 4034 cum
556 3979 674 4034 alterutri
689 3998 732 4032 ne·
781 3977 902 4032 librorum
920 3979 975 4030 loco
991 3995 1106 4032 movere:
1125 3979 1192 4046 quod
1210 3977 1274 4030 nihil

243 4050 298 4119 ceffe
301 4049 336 4116 stt
341 4049 435 4121 falsum
446 4049 543 4106 dicere:
555 4051 603 4120 sed
618 4047 694 4108 etiam
705 4059 734 4102 ut
783 4049 896 4118 impedit,
919 4067 970 4117 qno
996 4051 1079 4102 minus
1105 4047 1276 4116 preceptiones

242 4129 344 4188 uterque
361 4119 464 4189 nostrum
481 4120 565 4171 eadem
582 4121 612 4172 de
628 4136 656 4172 re
667 4117 734 4170 alias
783 4118 857 4170 etiam
869 4117 1037 4170 definitionem
1055 4118 1115 4168 artis
1134 4117 1275 4186 ingredian-

242 4187 314 4239 aliud
322 4188 447 4254 defendat,
458 4205 512 4240 cum
520 4189 575 4257 plus
586 4206 632 4242 uno
643 4205 736 4252 venum
784 4198 826 4238 tur
836 4209 844 4239 ι
874 4205 1027 4257 quamquam
1047 4187 1147 4250 omnino
1170 4187 1277 4240 alterurn

242 4257 286 4330 effe
305 4274 351 4311 nun
364 4257 441 4330 poffit.
459 4258 601 4332 Respondet
620 4269 736 4331 exparte
783 4256 848 4318 itud
861 4258 960 4324 Gtaecae
971 4253 1107 4336 discipline
1119 4259 1202 4330 megin
1216 4274 1277 4324 cen·
