2938 4910
857 319 863 356 l

251 431 316 490 444
489 413 535 474 Μ.
551 411 679 482 FABJI
701 411 1051 473 QUINCTILIANI

246 591 327 644 rento
342 575 493 656 nonlicet,
508 601 576 642 oves
589 575 685 642 verit.
730 577 768 640 ln
784 575 834 640 hit
856 575 936 664 syllo
961 575 1071 640 'smis²
1092 574 1207 666 scripto
1227 577 1319 656 al-5'

245 679 296 730 ter
314 663 439 743 nititur,
452 662 618 760 altersnon
630 675 644 704 ²
664 661 739 726 satit
753 675 884 727 cautum
906 599 989 726 εἶθ
1013 662 1104 728 dicit.
1149 663 1280 750 Postulm

244 762 281 814 at
304 749 506 836 praecipitetur
526 745 646 832 incesta,
661 746 710 810 lex
728 746 789 832 est:
812 759 846 812 et
864 761 957 836 rapta
977 748 1119 837 optionem
1160 751 1223 830 itit,
1245 763 1280 814 et

243 836 278 900 in
292 857 345 900 ove
360 834 545 918 lanaesunt:
568 831 710 898 similiter
723 833 795 896 alia.
826 831 902 914 Sed,
917 832 994 921 quia
1008 765 1188 920 responderi
1202 849 1277 924 pot·
1291 830 1320 893 6

243 921 300 1000 est,
316 920 386 988 Non
399 917 440 1003 est
451 918 613 1006 scriptum,
627 928 663 980 ut
673 917 813 1007 saepius‘
831 919 1038 1006 praecipitetur
1052 920 1209 1000 damnata,
1224 935 1281 986 aut

241 1006 503 1093 quandocumque¹¹
514 1016 606 1092 rapta
620 1013 776 1090 optet‚c1ut
789 1005 978 1090 tyrannicida
990 1007 1047 1069 duo
1059 1007 1187 1092 praemia
1198 1009 1279 1070 acci-

239 1091 318 1177 piat,
333 1090 413 1153 nihil
426 1091 462 1153 de
479 1113 594 1153 vomere
608 1101 738 1170 cautum,
753 1091 833 1154 nihil
857 1092 893 1154 dt
916 1091 1042 1156 ovibus:
1064 1113 1104 1154 ex
1126 1113 1176 1170 ao,
1190 1093 1280 1178 quod

241 1173 457 1254 manifestum3
472 1173 650 1260 colligitur,
665 1176 754 1262 quod
768 1175 906 1241 dubium
920 1178 974 1240 est.
1010 1175 1145 1262 Majoris
1160 1201 1279 1265 pugnae

240 1261 299 1338 est,
314 1259 484 1346 exscripto
502 1260 630 1340 ducere,
646 1261 733 1347 quod
752 1261 902 1347 scriptum
923 1283 988 1326 non
1015 1261 1070 1326 est.
1116 1264 1197 1327 eQui
1217 1279 1277 1351 pa-

242 1357 316 1410 trem
339 1346 486 1424 occiderit,
512 1346 589 1410 euleu
616 1346 774 1432 imitatur:
808 1359 933 1412 matrem
958 1346 1073 1412 occidit.
1118 1349 1172 1412 Ex
1196 1351 1278 1414 damu

240 1431 295 1496 inf
306 1432 362 1518 jus
385 1434 506 1496 educere
529 1455 567 1495 ne
590 1431 697 1498 liceat.-
720 1431 968 1498 trabernaculis¹
993 1433 1107 1498 eduxit.
1153 1436 1191 1497 In
1213 1435 1313 1511 hoc7

213 1570 216 1580 .
240 1539 362 1604 genere
376 1516 448 1582 haec
463 1530 661 1602 quaeruntur.
701 1519 766 1598 An,
783 1517 893 1606 quaties
905 1517 1028 1607 propria
1040 1517 1087 1582 lex
1101 1543 1159 1583 non
1173 1518 1276 1605 first·

239 1603 308 1668 mili
320 1603 368 1686 fit
387 1603 559 1666 utendum?
580 1627 621 1666 aa
645 1602 689 1679 id,
705 1606 742 1668 de
755 1628 812 1692 pue
828 1603 943 1702 agitur,
961 1605 999 1682 ei,
1015 1604 1052 1668 de
1064 1628 1119 1692 qua
1133 1605 1279 1704 seriptum

239 1687 290 1772 est,
314 1687 469 1772 rmilestt?
491 1686 604 1752 Simile
619 1701 727 1754 autem
742 1703 777 1756 et
790 1711 896 1778 majus
909 1691 964 1768 est,
979 1701 1013 1753 et
1026 1711 1094 1776 par,
1109 1704 1143 1754 et
1157 1713 1276 1756 mmus.
1299 1743 1303 1748 .

239 1773 280 1836 In
304 1772 383 1838 illo¹
428 1771 521 1852 tiore,
537 1775 674 1858 ansulis
698 1775 762 1862 lege
783 1788 903 1842 cautum
916 1773 990 1860 stt?
1012 1800 1053 1838 an
1068 1788 1109 1854 et,
1120 1776 1157 1860 ſs
1170 1792 1278 1864 parum

240 1871 363 1924 cautum
381 1885 396 1922 e
421 1906 430 1935 ‚
454 1860 510 1922 huc
525 1859 568 1944 ſst
584 1859 756 1924 utendum?
779 1862 816 1924 In
839 1873 979 1946 utroque
1002 1861 1038 1924 de
1059 1860 1215 1926 voluntate
1230 1861 1245 1924 l
1260 1902 1276 1914 -
1376 1925 1380 1934 ,

234 1945 417 2032 guntlatoris
432 1943 448 2007 .·’
464 1943 517 2008 sed
532 1947 568 2010 de
583 1968 667 2032 aequo
682 1945 836 2011 tradatur
848 1959 868 1986 ¹¹
887 1942 1105 2032 potentiffimi.

282 2030 344 2094 IX.
371 2030 443 2112 (Χ.)
467 2031 699 2117 Amphiboliaes
735 2030 800 2096 cies
815 2031 888 2095 sunt
905 2031 1167 2110 innumerabilem
1183 2031 1276 2112 adeo,

236 2123 276 2178 ut
299 2113 421 2200 philoso
445 2115 560 2180 borum
587 2116 776 2202 quibudam
802 2115 928 2180 nullum
954 2116 1098 2181 videatur
1120 2117 1180 2182 esse
1202 2141 1275 2182 ver·

237 2199 332 2278 bu'm,
347 2137 514 2284 quodnon
529 2199 617 2286 plura
632 2201 651 2263 sr
678 2201 806 2266 nificat:
829 2223 949 2301 genera
966 2201 1143 2268 admodum
1163 2223 1275 2289 pauca

237 2285 310 2350 Aut
328 2283 416 2348 euim
436 2283 569 2348 vocibus
587 2225 704 2350 accidit
728 2286 870 2371 singulis,
886 2298 942 2350 aut
963 2285 1154 2372 conjunttis.
1200 2289 1274 2352 sin.
1290 2303 1326 2350 z.

237 2369 317 2458 gula
330 2369 465 2434 afferunt
479 2391 631 2449 errorem,
648 2395 722 2436 cum
737 2371 881 2457 pluribus
896 2370 990 2435 rebus
1012 2384 1069 2436 aut
1088 2373 1276 2438 hominibus
1302 2447 1307 2454 ,

237 2455 351 2520 eadem
374 2454 544 2542 appellatio
566 2446 620 2534 est,
637 2453 780 2539 ὁμωνυμία
799 2455 931 2534 dicitur,
945 2469 982 2519 ut
1011 2456 1140 2536 Gallum
1163 2469 1277 2523 utrum

237 2541 325 2606 enim
340 2562 445 2618 avem,
461 2563 502 2604 au
517 2551 663 2626 gentem,
679 2563 719 2604 an
742 2561 872 2620 nomen,
887 2563 926 2604 an
949 2540 1110 2606 fortunam
1132 2545 1276 2628 corporis

237 2626 405 2712 significet,
421 2625 580 2696 incertum
595 2627 639 2690 est
653 2651 660 2689 :
685 2637 719 2690 et
733 2621 830 2712 Ajam
847 2626 1045 2706 Telamonis,
1060 2651 1100 2691 an
1126 2629 1212 2694 Oilei
1236 2629 1276 2692 fi-

238 2711 314 2776 lius.
359 2713 467 2776 Verba
480 2733 610 2798 quoque
625 2710 773 2798 quaedam
789 2711 927 2776 diversos
941 2711 1123 2778 intelledus
1140 2714 1275 2794 habent,

236 2810 276 2862 ut
290 2821 383 2862 cerno.
428 2797 512 2864 Quae
527 2797 724 2885 ambiguitas
743 2795 889 2886 plurimis
908 2797 1015 2862 modis
1029 2799 1164 2864 accidit:
1188 2799 1310 2882 unde3

272 3036 580 3099 *Syllogtsmusetcripto
591 3039 675 3090 nititur
687 3039 717 3086 G.
729 3035 792 3085 Jens.
868 3037 1059 3085 ⁸om.Jens.art
1071 3038 1102 3086 G.
1180 3037 1277 3087 tattor

238 3103 271 3148 G.
283 3112 304 3148 er
318 3100 373 3165 Voffi
387 3117 410 3151 2.
477 3107 487 3130 ¹
506 3103 576 3150 vivus
587 3117 658 3165 praec.
670 3101 800 3156 damnatus
810 3103 874 3149 Jens.
951 3101 962 3132 ¹¹
981 3103 1127 3164 quandoque
1137 3103 1201 3150 vost.
1216 3121 1238 3153 2.
1250 3115 1277 3152 et

238 3182 303 3228 rent.
321 3187 387 3241 reae,
399 3199 438 3230 mc
449 3167 566 3246 atirffffffi
578 3183 608 3228 G.
738 3191 750 3216 e
767 3185 808 3230 an
825 3183 882 3244 quta
899 3183 956 3239 hoc,
968 3192 992 3228 et
1008 3183 1109 3245 metm
1120 3183 1184 3230 tens,
1194 3183 1275 3248 gupa,

237 3243 250 3276 s
265 3246 318 3304 ejus
329 3247 359 3293 G.
448 3255 458 3284 Β
477 3263 508 3294 ex
520 3251 561 3314 ins.
572 3247 601 3294 G.
614 3255 681 3294 extra
692 3246 732 3310 inf
743 3249 805 3296 Jens.
889 3247 901 3276 ¹¹
920 3247 1074 3294 tabernacula
1086 3247 1117 3295 G.
1127 3249 1191 3296 Jens.
1208 3250 1277 3296 Ferte

230 3310 337 3373 samer
348 3311 512 3360 tabernaculo.
577 3311 644 3358 iillu
656 3311 687 3359 G.
697 3313 761 3360 leus.
826 3321 844 3350 m
860 3311 990 3360 tradamus
1002 3312 1033 3360 G.
1088 3369 1090 3373 ¹

275 3531 300 3576 6.
315 3525 357 3578 Ex
368 3527 434 3577 dumo
446 3521 535 3590 injus]
549 3523 679 3586 Laudatur
689 3523 731 3575 hle
781 3523 911 3583 Praelare,
924 3533 953 3574 ut
970 3522 1060 3584 multa,
1072 3522 1140 3575 hunc
1150 3523 1232 3576 locum
1243 3525 1277 3577 de

238 3597 283 3650 fub
304 3595 420 3648 Turnebi
441 3595 539 3644 nimine
559 3593 576 3644 l.
594 3597 636 3644 18.
655 3597 688 3646 π’.
701 3595 732 3645 de
781 3593 948 3663 ambiguitate
975 3593 1066 3645 tratlat
1094 3595 1136 3660 Jo.
1161 3593 1276 3646 Clericus

235 3667 264 3718 iu
274 3666 315 3730 jus
325 3665 445 3724 vocando,
458 3665 503 3715 ubi
521 3663 607 3723 Caius,
620 3662 733 3732 Plerique
781 3661 857 3714 Artis
870 3661 937 3714 Crit.
951 3681 977 3722 2,
992 3679 1016 3724 1,
1031 3679 1044 3728 ς
1057 3672 1082 3714 et
1094 3665 1121 3712 6.

232 3735 509 3804 putaverunt,iuquit‚
522 3733 732 3784 nullumdedumo
817 3750 843 3782 2.
861 3731 993 3798 fortunam
1013 3729 1130 3800 corporis]
1155 3730 1276 3795 Castrati,

229 3810 282 3878 sua
293 3805 319 3856 in
333 3805 378 3872 jus
398 3801 487 3854 vocari
505 3801 594 3853 licere:
613 3801 671 3870 quia
687 3804 729 3853 do·
780 3800 865 3870 quales
878 3801 949 3853 Galli
959 3801 1063 3870 Magnae
1072 3799 1154 3852 Deitm
1168 3802 1274 3855 Matris.

237 3893 291 3928 mus
308 3873 443 3937 tutiffimum
460 3871 543 3940 cuique
557 3872 678 3940 refugium
689 3881 730 3923 at·
815 3889 841 3922 2.
859 3871 943 3936 cerno]
962 3869 1036 3942 Qud
1053 3871 1156 3923 verbum
1175 3871 1278 3940 ejusque

236 3963 283 4024 pue
301 3941 478 4012 receptaculum
489 3941 538 4008 fit:
564 3959 673 4012 cumque,
689 3938 730 4010 qui
777 3938 864 3991 diversi
881 3939 1044 4010 fignificatus‚
1056 3941 1153 4009 egregie
1169 3940 1276 3993 illustra-

237 4016 293 4066 inde
300 4013 326 4066 in
332 4014 376 4082 jus
388 4023 500 4072 vocaret,
512 4010 569 4062 vim
580 4011 673 4080 injirre
684 4009 729 4062 ‘vi-
778 4022 833 4062 tum
852 4009 893 4070 est,
910 4009 1031 4080 zelotypia
1048 4009 1157 4079 quadam
1175 4011 1277 4079 ignicu-

234 4084 298 4136 derit,
779 4080 816 4131 los
836 4079 947 4131 sufflante
969 4081 1111 4148 ingeniis,a
1127 4081 1183 4146 Jat.
1203 4079 1276 4133 Peri-

274 4174 298 4217 7.
319 4153 348 4204 In
359 4152 398 4204 illo
405 4150 502 4221 priore]
520 4149 595 4216 Casu,
608 4147 728 4220 intellige,
779 4151 850 4202 zouio
868 4161 892 4202 et
913 4149 1022 4200 Ludoll'o
1041 4149 1159 4209 Kustem,
1171 4149 1203 4200 ab
1226 4151 1276 4204 hoc

236 4224 267 4276 de
279 4223 360 4290 quos.
377 4242 402 4288 ς.
716 4289 730 4358 ]
778 4219 897 4342 idmliari
909 4219 1025 4280 diatriba,
1036 4221 1068 4269 ab
1081 4217 1124 4272 illo
1136 4219 1167 4270 ad
1180 4219 1278 4276 Sant'lii

273 4296 324 4358 IX,
340 4313 364 4346 r.
380 4293 443 4364 quod
457 4309 503 4343 non
510 4289 588 4360 plura
596 4289 714 4360 fignzfiret
814 4291 921 4345 immam
932 4307 960 4356 4,
975 4308 984 4341 1
993 4307 1017 4356 ς.
1031 4305 1057 4377 p.
1073 4305 1132 4354 770.
1145 4287 1200 4358 sqq.
