3022 4920
419 369 586 438 itrsrrr.
613 373 816 436 onnron.
844 375 927 434 nir.
948 374 973 434 1.
996 374 1029 434 6.
1194 389 1235 456 ⁴7

206 537 422 604 nominibus²
445 551 503 605 aut
522 559 627 628 genus
651 537 872 625 deprehendit,
899 549 955 602 aut
975 534 1236 604 declinationem.

210 627 326 704 Genus,
347 623 426 690 utli
471 639 619 704 uertitur,
632 625 726 722 funis
750 623 960 688 mascnlinum
984 624 1032 703 sit,
1046 645 1088 686 an
1112 621 1239 686 femini·
1306 695 1310 700 ¹

206 732 301 789 num,
317 709 418 774 simile
440 647 488 773 illi
505 710 542 772 fit
586 735 675 786 aare:
708 707 956 786 Declinationem,
971 720 1010 772 ut
1036 706 1056 769 fi
1079 708 1184 771 veniat
1204 707 1239 771 in

209 795 361 874 dubium,
377 796 434 858 hac
449 797 534 859 dome
572 795 721 859 icendum
736 795 783 872 sit,
796 816 834 856 en
851 795 926 856 hocf
940 793 1033 872 demo,
1046 807 1078 856 et
1092 793 1238 871 domuum,

172 880 251 943 6an
275 881 454 944 domorum?
475 879 586 944 nmilia
609 879 669 944 sint
694 880 805 957 domus,
823 903 911 956 cous,
933 901 1050 942 marnes.
1073 878 1240 942 Diminutio

236 986 316 1028 enus
331 965 428 1028 modo
442 957 583 1051 detegit:
602 977 652 1043 et,
670 985 710 1027 nc
725 965 765 1028 ab
782 963 898 1027 'eodem
913 963 1060 1047 exemplo
1082 962 1239 1042 recedam,

174 1061 197 1137 ,7
248 1073 313 1112 nem
326 1049 535 1114 masculinum
550 1049 620 1113 elie·
621 1049 782 1135 fimieulus
793 1048 940 1112 ostendit.
984 1049 1107 1112 Eadem
1121 1047 1154 1112 in
1169 1069 1241 1112 ver-

214 1134 263 1200 bis
278 1155 408 1220 quoque
422 1133 502 1198 ratio
524 1134 766 1219 comparationis
777 1144 808 1196 ³:
831 1147 869 1196 ut
884 1134 904 1195 fi
927 1132 1012 1218 quis,
1028 1133 1179 1218 antiquos
1193 1134 1242 1196 se·

211 1231 346 1306 quutuS,
354 1219 482 1304 fervere
496 1219 585 1284 brevi
607 1219 714 1283 media
734 1219 855 1306 syllaba
875 1218 972 1295 dicet,
988 1217 1243 1304 deprehendatur

211 1304 324 1368 vitiose
337 1303 438 1390 loqui,
454 1303 542 1391 quod
556 1303 676 1380 omnia,
697 1325 771 1390 quae
785 1327 800 1366 e
815 1315 849 1366 et
862 1328 877 1366 o
891 1303 991 1366 literis
1005 1301 1147 1366 fatendih
1169 1325 1242 1366 mo-

211 1387 257 1452 do
269 1389 493 1467 terminantur,
506 1389 632 1466 eudem,
649 1389 670 1450 fi
692 1389 725 1451 in
740 1387 871 1452 infinitis
886 1411 901 1449 e
915 1387 1039 1450 literam
1058 1385 1165 1450 media
1179 1387 1245 1474 syl·

212 1473 288 1538 labe
304 1485 507 1559 acceperunt,
524 1455 636 1559 ulique
650 1472 836 1559 produdlem
857 1473 989 1550 habent,
1003 1473 1146 1558 prandeo,
1164 1485 1243 1558 peu·

181 1557 278 1636 tideo,
291 1559 605 1646 spondeo‚'prcnde're‚
617 1559 797 1644 pendeas
825 1559 923 1620 odere.
967 1558 1014 1620 At
1028 1579 1101 1642 quae
1116 1581 1130 1620 o
1145 1555 1244 1621 solam

215 1643 347 1722 habent,
363 1643 541 1707 dummodo
558 1665 612 1726 per
627 1642 772 1706 eamdem
800 1642 911 1706 iterem
925 1641 959 1706 in
974 1641 1100 1706 inlinito
1118 1655 1243 1720 exeant,

214 1727 324 1792 brevia
339 1728 432 1806 fiunt,
457 1727 532 1814 lego,
549 1728 624 1808 dico,
639 1733 732 1808 curro,
746 1727 857 1814 legem
869 1727 976 1807 dicere,
989 1750 1124 1791 currere:
1147 1727 1246 1793 etiam

214 1812 292 1876 liest
305 1813 390 1898 apud
404 1813 591 1891 Lucullum,

273 1926 380 2009 Ferri!
390 1951 396 1990 ἱ
406 1928 641 2038 ἶᾳαῖιίῇννῖἐ
653 1969 663 2008 .·
674 1927 780 2032 servii
794 1906 996 2030 nemsi-rode
1007 1909 1052 2008 dd
1065 1926 1189 2010 dmum.

183 2063 281 2153 qsed
338 2080 375 2126 ce
389 2063 494 2126 dicere
509 2061 648 2126 hominis
666 2061 860 2126 cruditiffimi
884 2062 990 2142 liceat,
1004 2063 1024 2126 li
1035 2063 1142 2148 fervit
1154 2073 1246 2150 putat

217 2149 265 2212 illi
295 2148 386 2212 imile
408 2147 501 2212 currit
525 2160 560 2211 et
573 2147 658 2234 legit,
667 2148 763 2234 seruc
779 2147 902 2211 dicetur
912 2151 932 2226 ¹,
947 2162 985 2212 ut
1008 2172 1090 2212 curro
1105 2161 1139 2212 et
1160 2151 1246 2236 legor

218 2233 308 2320 qnod
324 2233 417 2296 nobis
432 2231 610 2297 inauditum
625 2234 679 2296 est.
725 2232 787 2296 Sed
803 2253 867 2296 non
886 2233 933 2308 est
948 2234 1018 2297 haec
1033 2255 1106 2297 vera
1119 2255 1250 2320 compa-

218 2319 319 2382 ratio:
344 2339 419 2381 nam
434 2317 610 2402 servituli
629 2319 674 2380 est
696 2316 797 2381 fimile
829 2317 926 2381 ervit:
949 2341 1046 2405 quam
1069 2321 1248 2406 proportio-

170 2424 209 2468 ιο
220 2425 294 2466 nem
311 2403 455 2490 sequenti
471 2402 576 2468 dicere
591 2401 711 2466 neceffe
732 2403 775 2466 est
804 2403 911 2482 ervire,
927 2417 963 2468 ut
970 2404 1100 2489 servire.
1145 2405 1250 2470 Prima

220 2487 533 2578 quoqueoaliquando
547 2487 662 2572 pofitio.
672 2507 713 2550 ex
729 2487 870 2574 obliquis
885 2489 1057 2567 invenitur,
1071 2501 1109 2553 ut
1122 2511 1248 2553 memo·
1271 2520 1275 2558 t

220 2574 267 2636 ria
280 2571 407 2658 *repeto
433 2573 628 2637 conuidtosm
648 2593 668 2634 a
691 2593 756 2651 me,
784 2573 839 2658 qui
863 2573 1141 2660 reprehenderant,
1159 2575 1249 2660 quod
1271 2559 1275 2588 ¹

221 2658 285 2721 hoc
314 2657 410 2720 verbo
437 2657 511 2720 usus
541 2657 647 2735 ellem,
670 2647 794 2743 pepigi.-
826 2678 899 2720 nam
923 2658 958 2722 id
982 2658 1115 2744 quidem
1140 2591 1277 2746 diniffel

219 2741 362 2806 summos
376 2742 520 2806 rudiores
535 2743 781 2821 confitebantur,
796 2742 951 2807 rationem
966 2755 1073 2806 tamen
1089 2746 1251 2830 negabant
1274 2749 1278 2850 Ι
1460 2825 1461 2828 ¹

221 2826 427 2912 permittere:
451 2827 545 2912 quia*²
561 2826 662 2913 prima
676 2827 787 2912 politio
798 2827 937 2914 paciscor,
953 2849 1028 2890 curn
1043 2827 1177 2892 haberet
1191 2851 1250 2894 na·
1261 2808 1475 2908 revisum!

175 2931 209 2976 ιι
224 2925 327 2974 turam
334 2911 493 2996 patiendi,
505 2911 773 2994 facerettenrpore
782 2913 940 2996 praeterito
951 2921 1056 2998 parius
1061 2912 1145 2999 sum.
1167 2914 1250 2996 Nos,
1276 2911 1280 2991 ξ

222 3009 336 3082 praeter
356 2995 575 3060 audieritatem
594 3008 756 3059 oratorum
776 3010 873 3082 atque
897 2997 1127 3076 historicorum,
1143 2997 1251 3062 analo-
1276 2994 1280 3013 '

245 3081 422 3168 'equoque
442 3080 564 3144 clidium
589 3083 779 3144 tuebamur:
803 3103 876 3144 nam
900 3105 974 3148 cum
1001 3083 1033 3145 in
1051 3103 1112 3148 ιιι
1135 3085 1252 3148 tabulis
1276 3018 1282 3164 l

238 3187 417 3252 egeremus,
434 3163 477 3228 Ni
498 3166 541 3228 ita
553 3177 693 3252 pergunt:
717 3166 956 3231 inveniebamus
978 3167 1077 3231 simile
1098 3167 1185 3246 huic,
1200 3194 1252 3231 ca·
1279 3165 1282 3180 '

223 3252 322 3314 dunt:
353 3249 428 3312 inde
450 3249 553 3336 prima
575 3249 697 3336 positio,
720 3250 837 3314 etiarnsi
866 3253 1018 3316 vetustate
1039 3253 1216 3317 exoleverat
1227 3267 1252 3332 ⁰,
1280 3287 1283 3313 ι

224 3335 405 3422 apparebat,
417 3347 511 3422 pago,
529 3348 565 3398 ut
579 3335 672 3399 cado:
696 3335 783 3399 uude
800 3359 864 3400 non
879 3351 946 3402 erat
959 3337 1095 3400 dubium
1111 3338 1150 3408 sic
1169 3339 1253 3426 prpi-
1281 3406 1285 3455 1

28 3415 31 3536 l

258 3538 403 3592 ‘omnum
426 3535 456 3586 G.
479 3537 518 3586 Sia
538 3552 561 3596 1,
578 3552 602 3596 ι,
623 3553 662 3598 30.
726 3535 794 3586 som.
813 3539 843 3586 G.
905 3512 920 3576 ΑΒ
937 3541 1086 3602 comparatio
1104 3541 1201 3588 rationis
1222 3543 1253 3590 G.

227 3603 240 3636 ⁸
258 3603 359 3652 finiendi
368 3601 404 3649 ed.
417 3602 512 3666 Campa.
526 3614 593 3664 1470.
612 3603 662 3663 teste
673 3601 803 3650 Mairrairio
814 3605 838 3650 in
850 3603 899 3667 diff
911 3604 1027 3665 epistolari.
1091 3603 1098 3636 ¹
1113 3606 1177 3669 prius
1188 3607 1256 3652 hemi.

102 3667 107 3674 '
150 3703 152 3708 .
219 3667 439 3780 'diffiideidi'g
505 3667 512 3698 ¹
537 3667 597 3714 dicit
616 3669 650 3716 G.
716 3675 734 3698 ¹³¹
760 3667 902 3728 conjunctos
924 3669 954 3715 G.
977 3669 1041 3718 Jeus.
1106 3677 1199 3718 nnarn
1222 3672 1253 3720 G.

229 3923 271 3991 gat
288 3909 383 3964 Fabius
403 3911 428 3960 in
448 3908 621 3980 monosyllabis
639 3909 719 3963 valere
767 3922 861 3972 notare,
862 3908 954 3973 servet
963 3921 1117 3980 perpetuum,
1125 3908 1257 3982 forteque·

200 3987 202 3992 '
229 3982 367 4051 quidquam
381 3981 499 4030 rationem
511 3978 557 4032 sive
569 3978 718 4048 analogiam.
769 3980 799 4030 lis
822 3980 854 4030 eli
870 3979 895 4030 in
913 3980 1026 4032 thermis..
1063 3981 1149 4042 Probi,
1170 3983 1257 4044 Nonii,

265 4056 290 4102 8.
304 4046 395 4103 Fervit
403 4049 483 4117 aqua]
494 4049 549 4100 Hoc
557 4051 591 4100 ita
601 4049 719 4116 interpre-
769 4048 887 4100 Prisciani
901 4047 1122 4102 terlinroniaadfert
1133 4053 1176 4104 Fr.
1185 4054 1258 4106 Dou-

230 4117 427 4174 taturBarthius
438 4120 479 4182 56,
490 4137 514 4184 9.
527 4121 641 4187 p,2645.
662 4118 720 4168 Fer·
770 4117 794 4168 sa
811 4119 842 4168 ad
859 4119 885 4170 h.
898 4118 914 4170 l.
930 4118 1014 4188 Reliq.
1029 4120 1113 4172 Lucil.
1127 4141 1153 4186 9,
1174 4138 1216 4189 14.
1229 4141 1256 4194 p.

229 4190 272 4242 vit
290 4186 455 4244 transeuntem
473 4199 597 4250 promerito
615 4185 720 4238 calorem
762 4188 814 4250 .4'6.
1242 4193 1244 4198 ’
1314 4215 1316 4222 .
