2870 4916
360 377 529 442 INSTIT.
550 377 758 444 ORATOR.
778 378 861 438 LIB.
881 365 958 459 I.⁸5·.
1134 395 1175 464 33

131 535 289 604 erasme
302 539 438 619 Labieni
461 541 535 626 (five
548 539 604 606 illa
619 541 761 609 Cornelii
777 540 862 606 Galli
876 541 931 622 est)
949 541 984 604 i'n
999 538 1177 608 Pollionem
1185 571 1192 621 i

73 647 77 656 ·
134 625 288 707 casuarb,
304 624 511 704 assedator,e
534 626 640 692 Gallia
660 625 795 692 dasium
809 627 871 690 est:
895 649 969 690 nam
991 623 1175 710 madescam,

76 715 99 782 9
134 709 233 792 quod
248 696 384 775 Sardum
399 711 452 788 est,
468 711 606 776 illudens
622 711 737 777 Cicero
752 733 790 776 ex
810 710 960 776 industria
975 709 1068 776 dixit.
1111 709 1173 776 Al«

132 803 249 856 terum
259 819 356 880 genas
372 795 549 880 barbarismi
567 796 755 882 accipimus,
770 796 857 882 quod
873 797 910 860 sit
930 793 1029 860 animi
1052 808 1173 876 natura,

132 889 179 940 ut
204 879 243 957 is,
270 902 338 966 quo
363 880 533 944 insolenter
557 881 637 966 quid
658 895 714 946 aut
735 881 903 946 minaciter
926 894 983 944 aut
1005 880 1177 946 crudeliter

74 961 265 1027 ¹10die‘tum
283 965 332 1039 srt,
348 966 482 1029 barbare
494 965 623 1030 locutus
643 965 835 1030 existimetur
844 982 868 1030 ⁰.
910 965 1057 1030 Tertium
1075 965 1117 1030 est
1132 965 1175 1030 il·

132 1045 200 1111 lud
215 1049 331 1114 vitium
349 1050 536 1136 barbarismi,
552 1051 644 1136 cujus
658 1051 802 1137 exempla
816 1051 916 1138 vulgo
939 1052 1011 1114 sunt
1024 1049 1174 1138 plurima,
1241 1076 1247 1088 ·

132 1131 199 1194 fibi
213 1135 313 1215 etiarn
328 1135 460 1220 quisque
475 1135 597 1221 fingere
611 1137 721 1222 potest,
733 1151 772 1200 ut
784 1138 893 1216 verbo,
909 1135 961 1200 cui
976 1134 1100 1214 libebit,
1116 1135 1174 1198 ad-

128 1213 229 1301 jiciat
250 1218 386 1290 'literam
412 1218 603 1306 syllabamve
615 1245 624 1298 ;
654 1221 705 1284 vel
728 1220 894 1300 detrahat3
923 1232 979 1284 aut
1001 1218 1095 1284 aliam
1111 1241 1175 1368 pro

76 1307 117 1352 11
128 1302 216 1380 alia,
231 1316 290 1366 aut
304 1304 447 1368 eamdem
464 1304 540 1383 alio,
555 1327 651 1388 quam
667 1306 788 1370 redum
804 1306 859 1384 est,
874 1305 947 1368 loco
961 1315 1069 1390 ponat.
1134 1304 1176 1370 ed

130 1386 274 1472 ‚quidam
286 1387 357 1452 sere
372 1389 405 1460 in
424 1387 632 1474 jactationem
648 1389 835 1454 eruditionis
850 1390 971 1454 sumere
985 1388 1041 1452 illa
1054 1411 1093 1452 ex
1114 1411 1173 1474 po-

136 1471 201 1534 etis
229 1473 352 1551 solent,
377 1485 410 1536 et
438 1473 595 1552 audtores,
621 1495 704 1559 quos
736 1473 926 1560 praelegunt,
953 1472 1173 1540 criminantur.
1256 1525 1257 1530 η

131 1557 230 1632 ,δεῖτε
254 1571 363 1622 autem
384 1557 482 1625 debet
504 1581 594 1644 puer,
616 1560 687 1624 haec
709 1558 794 1644 apud
815 1558 977 1644 scriptores
998 1557 1176 1626 carminum

133 1653 198 1706 ,aut
214 1642 310 1706 venia
324 1641 434 1728 digna,
450 1655 506 1706 aut
520 1643 617 1708 etiam
630 1643 828 1708 laudeduci:
856 1642 1022 1729 potiusque
1041 1641 1095 1706 illa
1114 1641 1175 1706 do·
1188 1637 1193 1717 l

80 1731 124 1778 12
139 1726 236 1790 cendi
252 1741 348 1790 erunt
370 1727 477 1791 minus
499 1727 642 1814 vulgata.
685 1730 771 1792 Nam
791 1727 873 1792 duos
898 1726 932 1790 in
954 1749 1022 1804 uno
1045 1720 1193 1794 nomine*

140 1810 281 1876 faciebat
296 1811 502 1876 barbarismos
517 1813 636 1876 Tinead
658 1813 860 1896 Placentinus
883 1812 916 1896 (si
930 1811 1176 1898 reprehendenti

140 1897 317 1960 Hortensio
332 1897 503 1975 credimus)
518 1898 668 1983 premium
682 1920 738 1984 pro
757 1897 914 1986 pergulam
928 1897 1049 1971 dicens,
1064 1911 1097 1959 et
1111 1897 1175 1960 im·

140 1982 353 2058 mutatione⁸,
370 2003 444 2046 cum
457 2005 473 2044 c
487 1979 580 2067 prag
595 1995 738 2046 uteretur
743 2007 752 2060 3
769 1997 802 2048 ct
816 1980 1086 2058 transmutatione,
1099 2003 1175 2044 cum

139 2091 159 2128 r
172 2079 374 2152 praeponeret
395 2092 410 2128 e
431 2067 644 2131 antecedenti.
688 2069 734 2130 At
748 2067 780 2130 in
803 2066 915 2132 eadem
936 2064 1006 2128 vitii
1028 2066 1175 2151 gemina-

141 2149 231 2214 tione
247 2151 361 2214 Metieo
377 2150 515 2237 Saffitieo
542 2151 650 2214 dicens
672 2151 806 2228 Ennius,
820 2150 946 2236 poetico
966 2150 1039 2237 jure
1062 2149 1199 2233 desem,

84 2241 126 2308 13
141 2233 242 2300 ditur.
288 2235 351 2300 Sed
365 2235 398 2298 in
414 2234 502 2321 prosa
516 2257 644 2320 quoque
657 2238 699 2300 est
714 2235 862 2322 quaedam
880 2235 949 2322 jam
970 2242 1097 2331 recepta
1111 2234 1174 2298 im-

79 2365 82 2374 ·
141 2320 294 2386 mutatio.
336 2321 424 2383 Nam
446 2320 560 2384 Cicero
584 2321 794 2407 Canopitaram
817 2321 993 2385 exercitum
1013 2319 1175 2404 dicit,ips1

135 2403 284 2468 Canobon
306 2417 440 2468 vocant:
465 2417 497 2468 et
520 2404 746 2491 Tharsomennm
761 2428 818 2491 pro
841 2403 1058 2492 Thrasamenof
1079 2403 1185 2476 multi¹

140 2491 301 2571 auctores,
315 2490 412 2562 etiam
438 2490 458 2552 fi
481 2489 525 2552 est
547 2489 580 2578 ip
604 2512 644 2553 eo
666 2490 898 2568 transmutatiO,
915 2489 1173 2552 vindicaverunt:

140 2573 286 2638 fimiliter
304 2573 388 2638 alia:
419 2595 493 2638 nam
517 2573 578 2639 five
597 2575 662 2638 estg
685 2575 832 2661 afflictior,
849 2575 979 2640 Sisenna
994 2573 1077 2637 dixit
1089 2574 1111 2613 ¹¹'
1124 2575 1173 2661 as·

175 2757 189 2794 l
206 2760 337 2808 Casamurn
357 2760 388 2807 G.
411 2760 512 2808 Cascnar
528 2758 591 2806 Jens.
608 2757 699 2804 Caseno
714 2767 736 2804 et
755 2721 841 2806 Casina
857 2758 889 2806 al.
954 2765 964 2790 ⁶
983 2758 1131 2806 existimatur
1142 2756 1173 2806 G.

141 2823 153 2856 ¹
173 2815 252 2885 'liglra
264 2825 294 2872 G.
306 2825 386 2884 Tinga
395 2825 458 2872 lens.
508 2829 518 2853 ⁰
537 2823 991 2870 immutationem-transmutationem
1002 2823 1032 2869 G.
1077 2819 1175 2866 sTran-

140 2889 260 2938 sumenno
277 2889 308 2936 G.
324 2889 389 2936 dens.
407 2889 499 2936 multam
512 2887 580 2934 etiam
597 2887 730 2933 varietatem
745 2887 846 2951 observat
861 2888 940 2934 Burm.
994 2905 996 2910 ’
1016 2893 1026 2923 ⁸
1045 2884 1086 2932 Sic
1101 2885 1131 2932 G.
1152 2893 1174 2948 ‘s

142 2953 217 3002 MSS.
233 2951 267 3001 al.
279 2952 366 3002 salsum
377 2954 416 3018 rifi
428 2953 460 3000 al.
526 2953 538 2982 ¹¹
556 2951 615 2998 dicit
627 2951 658 2998 G.
758 3002 762 3012 ¹

141 3101 184 3154 inc
208 3101 295 3152 iaudat
324 3100 425 3153 salmas.
440 3125 442 3129 -
455 3100 487 3152 aa
512 3097 631 3169 capnon.
682 3096 743 3148 ant.
774 3097 799 3148 sr
818 3096 934 3148 hanone
953 3109 978 3149 et
995 3097 1067 3150 nonis
1087 3095 1171 3160 neat,
1193 3073 1389 3154 ...naam

142 3171 225 3223 Anto.
238 3172 316 3223 Pium
328 3189 351 3222 c.
369 3190 410 3222 12.
681 3167 804 3229 dicamus,
823 3166 1035 3238 Maflrugamesse
1051 3166 1172 3218 einMat.
1234 3167 1243 3193 ⁶

179 3245 204 3292 8.
223 3240 327 3310 cafirar]
351 3239 384 3292 Is.
403 3239 531 3291 Pontanns
549 3237 581 3288 ab
594 3254 649 3290 ει·Ι
682 3236 766 3298 zrock,
778 3249 874 3306 togam,
885 3237 926 3287 cui
943 3237 1032 3304 capitis
1044 3249 1173 3304 tegumen-

141 3307 199 3360 dem
217 3310 317 3378 origine
335 3309 446 3370 deducit,
467 3309 530 3360 unde
551 3305 635 3358 Galli·
683 3315 748 3366 tum,
761 3305 828 3374 qnod
840 3304 931 3356 Mutae
947 3317 999 3355 tota
1016 3316 1088 3358 vocat
1106 3305 1172 3356 Ger-

142 3395 201 3430 cum
213 3372 319 3447 (ὕψη
339 3378 535 3430 terminationem
553 3387 635 3427 autem
684 3375 777 3435 mania,
789 3373 903 3426 adsutum
915 3371 957 3432 est,
969 3373 1096 3427 cucullum.

143 3459 273 3518 comparat
296 3465 354 3498 cum
382 3445 485 3514 Belgica
513 3461 585 3506 naer,
610 3447 635 3496 in
722 3461 764 3508 ¹3·
782 3444 843 3507 five
861 3443 893 3512 est
912 3440 1035 3510 casstatim]
1062 3442 1173 3494 Omnino

143 3516 295 3586 Wagmasr,
309 3519 362 3568 auri
398 3515 565 3578 ,Honestam
578 3515 635 3564 hor·
683 3512 748 3563 redte
765 3513 891 3564 omittitur
912 3511 974 3562 illud
983 3511 1088 3582 falfiem.
1119 3512 1173 3583 Qi

143 3585 254 3648 talauus,
275 3586 318 3638 cui
337 3533 463 3655 regbndet
482 3583 562 3634 nostra
579 3600 634 3635 ner.
684 3581 784 3634 inseruit
812 3583 929 3651 primum,
955 3580 1021 3631 hunc
1050 3581 1172 3640 turbavit.

143 3654 305 3708 Burmannus
317 3653 360 3706 elle
373 3665 444 3723 putat
452 3654 476 3704 in
485 3652 576 3704 ultima
588 3651 633 3721 syl·
683 3651 750 3718 quod
770 3649 832 3701 illud
841 3649 872 3700 ad
891 3650 1005 3769 pippine,
1023 3649 1065 3700 boc
1084 3650 1114 3699 ad
1133 3666 1171 3699 re-

143 3723 199 3776 laba
210 3743 298 3779 rocem
316 3739 376 3784 nar,
389 3741 439 3790 qua
451 3721 585 3773 ridiculum
597 3719 635 3772 vel
682 3721 777 3772 mosius
791 3718 879 3770 referri
894 3735 927 3786 po
945 3737 967 3779 e,
979 3735 1028 3768 non
1039 3718 1170 3786 cogitavit.

143 3793 245 3848 slultum
267 3805 356 3846 notant
385 3792 515 3844 Germani.
552 3791 635 3843 Nobis
683 3791 777 3839 Verum
795 3787 826 3838 sic
847 3788 922 3838 etiam
942 3786 1020 3838 noller
1039 3804 1065 3846 ι,
1089 3803 1113 3851 ς,
1129 3803 1172 3852 19,

142 3863 176 3916 N.
190 3866 224 3917 L.
682 3857 728 3908 ubi
740 3859 808 3908 varia
819 3866 940 3907 tentantes
951 3858 1018 3907 viros
1036 3856 1122 3907 dodos
1135 3872 1172 3905 re-

179 3937 205 3986 8.
235 3930 399 4002 mastrucam]
431 3927 562 3996 Belgicam
591 3926 635 3980 elle
683 3937 756 3977 vocat
769 3926 936 3977 Burmannus.
962 3927 1026 3995 Qae
1038 3925 1172 3994 sequuntur

143 4001 381 4062 Motzrockendocet
390 3999 455 4067 apud
465 3998 636 4049 Burmannum
684 3995 800 4045 adverbia
811 3994 860 4046 illic
871 4007 895 4045 et
914 3992 960 4053 hic,
973 4012 1001 4044 ea
1012 4011 1063 4044 rem
1075 4011 1172 4046 omnem

143 4069 355 4141 Sligtenhorstius.
392 4067 470 4118 Mutz
490 4065 636 4117 vocanteti-
685 4064 829 4115 conficiunt.
859 4062 912 4115 Nisi
932 4075 1014 4114 tamen
1025 4061 1096 4114 malis
1110 4065 1180 4116 inter

141 4157 180 4193 arn
194 4139 318 4194 Germani
330 4137 435 4206 quidam
451 4145 547 4202 togam,
559 4151 635 4203 quam
685 4132 708 4184 se
728 4143 865 4202 permutata
882 4131 979 4201 offensio
999 4143 1024 4184 et
1043 4129 1171 4198 affantior:

141 4212 241 4263 eandem
259 4209 339 4260 etiam
356 4206 454 4257 nomine
471 4204 534 4260 Rork
552 4201 636 4274 appel·
685 4200 814 4271 quosselo
825 4200 862 4252 hic
873 4214 897 4253 et
909 4200 948 4253 ille
964 4202 1015 4253 vim
1032 4200 1173 4271 cousuetam

183 4298 275 4347 ΥΟΕ,
301 4296 330 4342 1.
716 4289 740 4336 D
