3022 4920
69 737 110 763 -Η
256 707 425 808 proposito.
469 707 579 772 Multa
605 729 685 796 ergo

84 1538 94 1568 l

260 389 317 436 ιω
489 338 1050 436 ujrnmrourucrrnmur

245 533 472 604 mutatinum
497 559 612 624 genus,
632 547 667 602 et
689 535 774 602 ultra
797 535 904 616 nobis,
919 559 1017 624 quam
1043 535 1221 622 oportebat,
1237 536 1289 603 in·

256 623 431 688 dulsimusz
455 621 499 688 ita
516 643 581 686 non
596 635 663 686 tam
677 621 709 686 in
735 619 809 688 enio
824 621 872 686 illi
897 644 955 687 noi
977 623 1176 709 superarunt,
1192 646 1289 708 quam

711 645 825 772 licebit
850 707 992 795 eligere:
1029 707 1081 772 sed
1111 708 1287 773 curandum

254 807 328 874 erit,
345 815 386 858 ne
410 793 461 871 ris,
476 793 595 880 quibus
615 792 771 879 permixta
787 793 871 872 sunt,
886 791 1096 880 inquinentur
1107 803 1138 857 ²¹.
1183 793 1288 858 Quos·
1303 802 1344 876 25

255 879 332 944 dam
347 900 422 944 vero
435 877 546 956 etiam,
562 900 644 967 quos
664 891 750 943 totos
772 878 889 942 imitari
903 891 1058 966 oporteat,
1074 889 1108 942 et
1120 877 1212 942 fuiffe
1227 901 1288 944 nu·

255 985 321 1051 per,
337 977 371 1028 et
388 985 475 1028 nunc
498 963 569 1041 effe,
585 963 698 1050 quidni
712 964 850 1028 libenter
863 987 928 1030 non
952 963 1161 1030 concefferim
1177 965 1289 1043 modo,

254 1050 478 1114 verumetiam
494 1049 735 1114 contenderim?
770 1041 832 1114 Sed
857 1049 899 1114 hi.
918 1051 974 1138 qui
991 1051 1071 1114 smtl
1095 1071 1160 1112 non
1183 1049 1289 1137 eujus·

189 1199 191 1206 ,
254 1156 318 1222 que
340 1134 383 1199 est
405 1135 622 1284 pronuntiare.
665 1134 784 1198 Tutius
808 1135 1049 1224 eirca’prioresn
1077 1135 1129 1200 vel
1143 1151 1286 1200 erratur:
1303 1131 1346 1199 26

253 1219 392 1306 ideoque
430 1243 489 1284 ano
504 1243 660 1286 novorum
673 1219 779 1286 distuli
793 1219 978 1304 lentiorem,
993 1245 1034 1288 ne
1049 1219 1188 1286 imitatio
1196 1220 1286 1311 judi·

254 1305 340 1370 cium
356 1305 569 1370 antecederet.

296 1393 358 1455 Vl.
386 1393 432 1476 (V
433 1392 494 1470 ll.)
520 1392 595 1457 Fuit
605 1391 705 1456 etiam
728 1391 762 1456 in
786 1391 849 1456 hoc
863 1391 1020 1457 diversum
1034 1389 1289 1478 praeeipientium

94 1467 216 1544 swarsz
237 1477 460 1564 .:propos1tum,
476 1477 564 1562 quod
578 1499 688 1542 eorum
704 1477 836 1564 quidam
850 1477 1010 1556 materias,
1025 1499 1103 1562 quas
1127 1476 1290 1563 discipulis

253 1563 295 1627 ad
309 1562 482 1626 dicendum
495 1562 627 1642 dabant,
643 1585 708 1628 non
719 1563 1023 1628 contentidivifione
1034 1561 1093 1626 diri
1119 1583 1183 1640 ere,
1193 1563 1290 1628 latius

254 1647 400 1720 diceudo
409 1648 698 1735 prosequebantur:
723 1671 783 1714 nec
796 1648 900 1714 solum
916 1586 1159 1736 probationibus
1173 1648 1289 1735 imple-

253 1734 345 1812 bant,
360 1733 525 1798 sedetiam
540 1734 718 1798 affectibus.
770 1734 838 1799 Alii
849 1757 924 1802 cum
941 1734 1059 1820 primas
1075 1733 1176 1798 modo
1189 1732 1323 1800 lineaez

253 1817 425 1899 duxilsent,
434 1819 500 1906 post
511 1819 772 1900 declamationes,
782 1821 891 1906 quod⁰
905 1819 1052 1885 omiliss'et
1062 1819 1194 1906 quisque
1204 1833 1288 1884 trao-

252 1905 388 1985 tabant3
434 1905 564 1970 uoldam
579 1928 654 1970 vero
667 1906 757 1971 locos
777 1927 842 1970 non
857 1904 982 1969 minore
996 1926 1084 1982 cura,
1123 1926 1198 1969 uam
1212 1927 1289 1968 cum

252 1990 294 2056 ad
319 1929 490 2055 dicendum
516 1991 570 2078 ipsi
599 1983 775 2080 surfferent,
799 1991 1001 2069 excolebant.
1046 1991 1075 2053 U
1095 1990 1136 2052 'e
1160 2003 1288 2054 utrum·

253 2099 341 2163 que:
364 2090 398 2141 et
412 2077 485 2140 ideo
501 2090 650 2141 neutrum
665 2078 705 2141 ab
721 2077 821 2142 altero
834 2072 961 2162 separor
984 2075 1038 2139 sed
1053 2075 1072 2137 fi
1087 2073 1191 2138 facere
1213 2088 1287 2138 tan.

253 2175 324 2225 tum
338 2162 475 2226 alterum
490 2163 610 2227 neceffe
623 2163 671 2241 srt,
687 2163 758 2249 plus
777 2161 917 2249 proderit
935 2159 1153 2225 demonstraffe
1167 2159 1286 2230 reblam¹

251 2246 398 2334 protinus
413 2247 510 2325 viam,
526 2269 624 2334 quarn
639 2269 786 2312 revocare
808 2249 849 2312 ab
865 2268 969 2311 errore
976 2245 1045 2333 jam
1060 2245 1173 2330 lapsos.
1219 2245 1285 2308 Pri·
1298 2259 1318 2328 3

251 2353 357 2410 mum,
372 2331 448 2419 quia
461 2332 719 2398 emendationem
738 2334 868 2398 auribus
892 2331 990 2396 modo
1013 2331 1186 2417 accipiunt,
1201 2330 1285 2396 divi·

252 2417 370 2486 sionem
393 2439 468 2482 vero
493 2417 534 2482 ad
548 2417 778 2506 cogitationem
805 2418 902 2484 etiam
917 2429 951 2482 et
975 2415 1077 2482 stilum
1102 2405 1285 2502 perie‘mntt

250 2502 379 2582 deinde,
403 2503 491 2590 quod
515 2504 670 2569 libentius
693 2503 931 2594 praecipientem
956 2501 1105 2580 audiunt,
1120 2523 1216 2588 quam
1233 2523 1285 2565 re.

250 2588 514 2675 prehendentem.
559 2589 594 2654 Si
609 2589 665 2677 qui
680 2613 757 2655 vero
770 2589 876 2676 paullo
889 2588 962 2654 sunt
982 2586 1167 2667 vivaciores,
1183 2588 1216 2651 in
1235 2587 1287 2654 his

250 2674 422 2760 praesertim
449 2674 604 2754 moribus,
620 2676 716 2740 etiam
736 2676 913 2741 irascuntur
937 2672 1161 2749 admonitioni,
1176 2685 1212 2737 et
1236 2685 1286 2736 ta-
1397 2737 1400 2744 ,

250 2759 308 2824 citi
323 2773 515 2910 repulgnant.
559 2762 631 2824 Nec
646 2761 719 2826 ideo
731 2773 839 2826 tamen
862 2759 970 2824 minus
984 2758 1061 2822 vitia
1075 2769 1184 2846 aperte
1196 2772 1336 2840 coar-s4'
1372 2810 1376 2818 .
1408 2817 1411 2822 .

250 2844 382 2932 gnenda
408 2857 477 2911 unt.
521 2845 682 2912 Habenda
703 2846 790 2912 euim
814 2846 898 2910 ratio
920 2858 1111 2924 ceterorum,
1126 2845 1182 2930 qui
1201 2843 1288 2914 rede

163 2931 322 3010 messe,
337 2955 409 3017 quae
423 2953 525 3030 praece
548 2945 598 2996 tor
613 2955 677 2998 non
693 2931 922 3011 emendaverit,
936 2930 1097 2995 credente.
1142 2932 1287 3015 Utraque

250 3027 360 3080 autem
375 3031 457 3082 ratio
469 2953 628 3082 mildenda
641 3019 695 3098 eil,
712 3032 745 3082 et
759 3018 805 3082 ita
819 3016 992 3096 trauanda,
1008 3030 1045 3080 ut
1059 3014 1133 3100 ipsae
1149 3036 1198 3078 res
1213 3012 1284 3099 pos-

250 3099 410 3166 tulabunt.
453 3103 605 3188 Namque
621 3101 848 3191 incipientibus
862 3102 967 3166 danda
979 3101 1039 3166 erit
1053 3100 1140 3164 velut
1152 3097 1318 3187 praefer-5

250 3199 337 3253 mata
362 3188 494 3254 materia
518 3186 693 3254 secundum
717 3189 869 3278 cujusque
898 3189 991 3252 vires.
1035 3187 1083 3255 At
1108 3206 1184 3250 cum
1213 3183 1286 3248 satis

284 3391 291 3428 Ι
307 3391 473 3438 mutuavimus
484 3392 515 3439 G.
609 3395 628 3420 ¹¹¹
648 3390 711 3438 auid
710 3391 738 3451 fi
747 3389 921 3452 inquinemur?
940 3389 1018 3453 Neque
1028 3387 1085 3434 enim
1096 3384 1171 3432 electa
1180 3384 1286 3434 videntne
1303 3367 1307 3376 Α

251 3452 381 3514 inquinari,
392 3456 436 3520 sed
450 3475 496 3515 nor,
507 3458 529 3506 h.
546 3476 565 3504 e.
583 3456 653 3516 nestra
669 3456 747 3504 oratio.
843 3474 858 3502 n
874 3455 978 3504 imitatio
989 3455 1022 3500 est
1034 3451 1073 3516 inf
1084 3451 1115 3498 G.
1128 3449 1201 3498 etalii
1212 3449 1285 3523 MdS.

248 3518 399 3632 ipss‘ssdffl
410 3587 441 3634 G·
451 3528 515 3635 ΜΞ
528 3521 586 3584 quid
602 3520 715 3572 omililiet
726 3521 790 3582 prius
805 3520 868 3568 lens.
881 3519 946 3582 quod
957 3533 1008 3565 om.
1019 3517 1117 3587 quisque
1128 3515 1181 3576 conj.
1193 3515 1284 3575 Regius.

287 3748 330 3796 26.
357 3745 423 3799 circa
441 3747 537 3814 priores
555 3748 604 3799 vel
623 3748 738 3812 matur]
791 3745 857 3798 circa
876 3745 1000 3814 antiquos,
1020 3759 1095 3810 quam
1114 3739 1180 3792 circa
1199 3751 1282 3788 reeen-

252 3816 335 3867 Verba
352 3815 457 3868 imitatio
477 3817 637 3886 estintrusrll'e
649 3817 741 3885 aliquis
790 3828 850 3884 tes.
1107 3875 1113 3888 α
1236 3875 1268 3886 Η

250 3885 359 3946 videtur,
372 3887 416 3954 qui
434 3888 486 3938 vim
498 3888 675 3939 convindlionis
697 3886 745 3938 vel
827 3901 852 3934 2.
870 3883 935 3953 quod
950 3877 1053 3948 omistffet
1071 3876 1179 3947 ΜΨ]
1208 3873 1281 3932 N¹h¹l

251 3969 300 4004 non
324 3955 473 4024 intelligens,
496 3957 592 4026 aliquid
615 3945 689 4008 deesse
711 3973 742 4006 ex
790 3954 948 4016 mutandum.
961 3951 1127 4025 Pr'aeceptores
1140 3944 1280 3997 tractabant

250 4023 326 4091 iplius
345 4025 471 4094 prael'entia
493 4026 664 4096 suspicaretur,
683 4043 742 4077 cum
791 4023 843 4094 post
858 4021 1046 4073 declamationes
1063 4015 1206 4094 audlfflrum
1225 4013 1282 4066 suo·

249 4109 279 4142 ea
301 4089 443 4147 incrementi
487 4096 593 4147 uaedam
616 4097 742 4146 notionem
791 4090 928 4160 rum,quid
944 4091 968 4140 in
982 4088 1024 4138 sua
1043 4086 1138 4154 quisque
1156 4083 1278 4136 declama·

250 4162 356 4215 habeatr
377 4166 452 4216 etiam
469 4115 488 4218 l
508 4183 576 4218 error
586 4167 674 4217 evitari
693 4181 742 4216 non
792 4165 858 4214 tione
874 4157 985 4228 omifflet,
997 4155 1191 4238 supplebantque
1209 4153 1280 4216 adeo,

249 4233 331 4302 pont,
350 4237 430 4287 tutius
448 4247 530 4288 tamen
550 4246 647 4288 erratur
667 4237 742 4288 suain
791 4228 933 4304 quedeelle
946 4227 1096 4292 viderentur.

1002 4315 1019 4349 e
