3022 4920
238 351 301 418 ¹44
477 341 522 402 u.
544 341 670 400 ratu
692 335 1040 402 uurucurtraut
1082 361 1086 369 =

228 504 459 595 sudjctlaesunt
485 505 523 583 ci,
548 505 602 570 sed
625 517 729 570 certas
748 503 880 575 demum
897 517 990 592 putat
1013 503 1075 570 effa
1101 503 1272 592 subJ'edias.

238 593 316 656 Alio
331 615 416 672 vero,
432 590 473 654 de
487 591 638 654 omnibus
652 592 748 656 rebus
763 593 881 655 oratori
900 591 1073 656 dicendum
1088 591 1270 673 arbitratur,

237 677 289 742 his
304 677 434 764 quidem
451 677 568 755 verbis,
587 677 775 763 Quamquam
789 677 838 740 vis
855 677 992 754 oraturis,
1003 676 1192 763 prcfiffiaquc
1205 679 1270 766 ipsa

237 763 307 826 benc
321 764 450 841 dicendi,
462 764 513 825 boc
516 761 664 848 suscipere
680 787 717 824 ac
726 762 860 850 polliceri
873 763 1026 840 videatur,
1035 777 1069 825 ut
1083 764 1160 824 omni
1173 764 1211 826 dc
1224 771 1281 846 rc,'

235 849 474 936 quaecumqucſst
485 848 640 946 prapofita‚
656 861 759 910 ornate
771 848 857 912 ab'eo
873 847 1033 934 copipliquc
1047 849 1177 924 dicatur.
1207 839 1304 914 Au6
1373 845 1377 854 ⁸

235 955 301 1016 que
314 934 443 998 adhuc‘
464 934 552 1012 alibi,
573 933 697 996 Verumd
720 934 797 996 enim
810 934 932 1011 oratori,
949 958 1018 1018 quae
1028 937 1106 1018 sunt
1119 936 1152 997 iu
1172 935 1267 1014 Ιιοηιὶ·Ι

233 1043 305 1082 num
317 1021 386 1084 vita
405 1018 656 1106 (quandoquidem
669 1020 701 1081 iu
715 1044 750 1082 ea
765 1020 904 1106 versatur
917 1031 1027 1097 orator,
1038 1031 1127 1106 atquc
1140 1044 1175 1082 ca
1190 1021 1228 1106 ss
1241 1024 1269 1086 ci

224 1105 363 1190 sulp'etia
387 1107 528 1184 materia)
561 1103 658 1168 omnia
685 1105 819 1191 quaestui,
843 1105 962 1182 audita,
990 1105 1077 1183 lecta,
1104 1105 1269 1191 disputata,

234 1199 377 1268 tratiuta,
393 1190 512 1278 agitata
526 1190 581 1273 iffi?
595 1189 710 1253 dehent.
757 1192 850 1254 Hanc
871 1204 991 1266 autem,
1007 1212 1103 1276 quam
1126 1212 1184 1254 nos
1199 1201 1298 1268 nra-7

234 1277 339 1338 teriam
354 1297 516 1352 vocamus,
530 1275 564 1338 id
579 1275 633 1352 est,
648 1296 699 1338 res
713 1273 877 1360 subjedtam
893 1274 1024 1360 quidam
1040 1275 1138 1339 inodo
1157 1276 1267 1342 infini-

234 1371 313 1440 tam,
329 1361 428 1425 modo
442 1383 506 1424 non
521 1359 675 1446 propriam
688 1372 700 1398 ⁶
720 1360 894 1424 rhetorices
909 1360 969 1424 effe
982 1359 1152 1424 dixerunt:
1176 1385 1265 1428 eam·

232 1469 296 1532 que
308 1461 411 1511 artem
425 1447 690 1511 circumcurrentem
711 1459 915 1524 vocaverunt,
930 1445 1018 1531 quod
1033 1446 1066 1508 in
1089 1447 1178 1510 omni
1193 1472 1265 1516 ma-

232 1529 312 1594 teria
324 1531 456 1598 diceret.
489 1533 576 1596 Cum
591 1531 711 1616 quibus
725 1529 806 1594 mihi
820 1529 954 1594 minima
967 1553 1076 1617 pugna
1089 1533 1144 1596 est.
1177 1535 1279 1613 Nam.

230 1615 273 1680 de
295 1619 384 1680 omni
406 1617 540 1682 materia
560 1616 666 1680 dicere
687 1638 758 1680 eam
783 1616 944 1683 fatentur:
968 1616 1124 1702 propriam
1147 1618 1264 1684 habere

230 1703 409 1782 materiam,
423 1703 501 1788 quia
525 1702 735 1787 multiplicem
760 1701 889 1780 habeat,
904 1715 1036 1786 negant.
1081 1703 1145 1766 Sed
1160 1699 1296 1791 nequed

230 1785 356 1851 infinita
381 1789 435 1868 est,
451 1787 583 1852 etiamfi
604 1788 646 1850 est
667 1787 856 1874 multiplex:
880 1798 913 1850 et
938 1787 1009 1850 aliae
1031 1809 1160 1872 quoque
1179 1805 1263 1856 artes

227 1873 369 1938 minores
393 1874 514 1938 habent
538 1872 752 1959 multiplicem
778 1872 955 1950 materiam,
977 1871 1066 1936 velut
1089 1876 1262 1940 architecto-

228 1958 315 2022 nice:
338 1981 478 2043 namque
501 1957 562 2023 eaf
584 1957 617 2021 in
639 1958 801 2036 omnibus,
818 1981 891 2043 quae
914 1958 986 2020 sunt
1005 1957 1143 2024 aedificio
1157 1961 1295 2042 utilia,9

230 2045 378 2110 versatur.
416 2047 459 2108 Et
473 2045 630 2123 caelatura,
645 2066 717 2130 quae
731 2065 820 2122 aur0,
837 2057 984 2128 argeum,
999 2061 1071 2120 aere,
1088 2043 1171 2108 ferro
1185 2069 1263 2133 ope-

227 2151 263 2194 ta
286 2129 396 2195 efficit.
438 2131 525 2194 Nam
534 2128 694 2216 sculptura
718 2128 814 2192 etiam
841 2128 980 2214 iignum,
1005 2128 1096 2207 ebur,
1111 2151 1261 2212 marmor,

226 2213 359 2290 vitrum,
373 2237 531 2302 gemmas,
546 2225 661 2300 praeter
675 2235 714 2277 ea
731 2237 804 2300 quae
818 2213 908 2298 supra
930 2213 1010 2290 dixi,
1025 2213 1263 2298 compledtitur.
1275 2231 1315 2277 10

227 2299 281 2362 Ne
306 2322 345 2364 ue
367 2301 512 2386 protinus
536 2321 601 2363 non
622 2300 665 2364 est
686 2301 820 2364 materia
840 2299 1028 2376 rhetorices,
1047 2299 1066 2360 st
1091 2301 1123 2362 in
1148 2302 1261 2368 eadem

225 2323 364 2449 vedittur
378 2399 412 2449 et
426 2385 518 2452 alius.
562 2386 650 2450 Nam
665 2385 686 2448 fi
700 2407 856 2472 quaeram,
872 2407 945 2470 quae
967 2385 1004 2446 iit
1018 2386 1149 2448 materia
1164 2389 1260 2452 statu·
1346 2397 1351 2400 ’

225 2469 296 2546 arii,
314 2471 438 2536 dicetur
450 2496 513 2535 aes:
536 2469 556 2532 fi
572 2493 725 2556 quaeram‚
741 2493 814 2558 quae
830 2469 867 2532 fit
885 2469 1057 2544 exanimis,
1073 2469 1106 2534 id
1122 2473 1175 2548 est,
1191 2474 1268 2560 ejus'

227 2553 369 2635 fabrica,
384 2579 481 2642 quam
498 2556 606 2622 Graeci
619 2555 811 2638 χαλκευτικὴν
825 2569 952 2632 vocant,
968 2554 1111 2619 fimiliter
1134 2583 1176 2619 aes
1199 2560 1259 2624 effe

227 2640 465 2725 respondeant.'
490 2640 593 2727 Atqui
617 2639 795 2726 plurimum
822 2662 842 2703 a
865 2640 970 2704 statuis
999 2639 1151 2706 differunt
1176 2645 1309 2710 raian
1403 2707 1409 2713 χ
1491 2706 1497 2728 1

226 2725 298 2789 Nec
312 2726 471 2792 medicina
485 2727 559 2792 ideo
580 2747 645 2789 non
660 2725 722 2789 erit
734 2747 795 2804 ars,
811 2725 888 2811 quia
902 2725 1012 2790 undio
1027 2740 1061 2790 et
1073 2730 1258 2794 exercitatio

225 2831 301 2874 cum
323 2814 505 2898 palaestrica,
519 2812 755 2877 ciborumvero
769 2810 905 2896 qualitas
926 2813 1024 2876 etiam
1043 2833 1117 2894 cum
1133 2836 1257 2912 coquo-

224 2917 296 2960 rum
311 2899 341 2961 ei
357 2899 392 2961 fit
406 2913 473 2962 arte
487 2896 679 2963 communia.
712 2896 811 2962 Quod
824 2918 897 2960 vero
912 2896 952 2959 de
964 2898 1060 2976 bono,
1078 2899 1162 2978 utili,
1172 2903 1257 2984 justo
1287 2899 1295 2911 ’

224 2979 377 3062 differem,
399 2983 605 3070 philosophiae
629 2981 768 3045 officium
791 2981 852 3045 effe
877 2981 1029 3060 dicunt&
1053 3005 1117 3045 nou
1142 2986 1255 3050 obstat.

220 3065 309 3132 'Nam
332 3091 407 3133 cum
425 3068 650 3156 philosophum
669 3066 793 3146 dicunt,
809 3067 873 3130 hoc
895 3066 997 3152 accipi
1011 3066 1134 3146 volunt,
1151 3069 1255 3134 virum

170 3241 172 3250 '
267 3258 336 3298 ‘cca
350 3253 380 3300 G.
392 3254 456 3301 Jens.
548 3252 707 3301 dEnimuero
723 3255 754 3302 G.
765 3253 828 3302 Jens.
909 3252 1032 3314 ‘proprie
1042 3252 1105 3300 Jeus.
1117 3255 1211 3318 propria
1223 3257 1255 3304 G.

224 3312 291 3363 som.
304 3318 335 3365 G.
346 3319 409 3366 Jeus.
475 3317 617 3366 ¹dicebant
628 3321 659 3368 G.

223 3483 342 3544 materiae,
355 3501 430 3552 quam
442 3482 516 3534 talem
532 3480 601 3532 dedit
612 3481 710 3540 Cicero,
760 3490 808 3540 tas,
827 3498 879 3550 quae
896 3478 1020 3552 conficitur
1037 3498 1070 3532 ex
1088 3492 1152 3542 arte,
1164 3485 1253 3552 verstu

224 3569 263 3603 res
275 3570 327 3621 (μιαν
331 3553 447 3624 subjellae
451 3555 512 3623 sunt
523 3551 545 3602 a·
557 3552 615 3610 arti,
625 3553 655 3602 de
667 3569 712 3602 cu·
760 3559 812 3604 tur.
1252 3609 1263 3616 ⁴,

217 3621 261 3686 jus
273 3626 376 3674 materia
387 3626 517 3690 quaeritur,
529 3620 630 3672 scilicet.
654 3621 713 3670 Uti·
799 3640 825 3688 ς.
844 3625 999 3690 Qtamquam
1010 3621 1054 3672 vis
1066 3622 1178 3686 oratoris]
1196 3617 1255 3672 Loss

219 3705 263 3742 tur
274 3705 357 3744 autem
368 3692 614 3761 saepiss‘uneeoverbo
625 3689 656 3740 ad
669 3708 711 3741 ex·
762 3707 807 3741 cus
820 3693 887 3761 prior
904 3691 937 3742 est
954 3691 984 3740 de
1002 3693 1074 3740 Orat.
1092 3710 1115 3753 ι,
1130 3711 1155 3756 5.
1174 3692 1251 3762 poste-

218 3762 374 3830 ·piicandum‚
394 3763 457 3830 quid
476 3761 505 3812 sit
527 3762 638 3810 materia.
675 3761 710 3810 V.
760 3761 811 3810 rior
822 3775 904 3812 autem
920 3759 982 3810 ibid.
999 3778 1022 3822 3,
1038 3778 1080 3822 ¹4·
1250 3803 1254 3812 .

218 3832 261 3882 'G.
274 3833 305 3882 de
318 3835 391 3882 Orat.
407 3849 431 3892 1,
442 3835 487 3896 46.
519 3829 604 3881 Omnis
621 3829 670 3879 haec
687 3839 712 3878 et
796 3850 824 3896 9.
836 3830 869 3880 Et
877 3829 1006 3892 calatura]
1021 3831 1080 3880 Vid.
1091 3831 1134 3897 qui
1147 3823 1255 3900 laudan-J

220 3899 372 3969 antiquitatis
384 3899 498 3952 memoria
504 3910 581 3950 -tan
597 3915 653 3948 uum
664 3897 710 3948 ali-
760 3910 802 3950 tur
813 3901 854 3950 hic
865 3900 890 3950 in
903 3899 963 3949 edit.
976 3897 1064 3950 Burm.
1079 3899 1118 3963 Jo.
1130 3899 1251 3954 Brodaeus

222 3987 269 4038 qua
281 3969 393 4024 mitteries
407 3917 658 4037 oratoribusjitdjetia
669 3965 711 4036 effe
759 3969 866 4020 Misceli.
882 3971 908 4028 6,
924 3987 966 4031 30.
986 3971 1076 4036 Lamp.
1093 3969 1171 4020 Grut.
1186 3981 1206 4020 t.
1220 3963 1255 4042 zi,

215 4040 297 4104 'debet
335 4040 382 4091 Sed
402 4041 475 4090 etiam
499 4039 586 4090 aliter:
618 4049 657 4097 ut,
680 4039 711 4088 de
759 4058 787 4108 p.
808 4043 867 4103 568.
896 4038 994 4089 Salmas.
1019 4039 1108 4088 Exere.
1133 4039 1198 4092 Plin.
1220 4059 1249 4109 p.

222 4109 278 4158 inv.
296 4129 319 4170 1,
335 4128 359 4174 5.
388 4109 522 4162 Materiam
534 4105 597 4159 artis
609 4121 662 4157 eam
673 4107 715 4180 di..
762 4126 823 4174 774·
841 4108 1011 4177 etFig1·el.dc
1023 4106 1108 4160 statuis
1120 4126 1143 4160 c.
1160 4129 1184 4162 1.
1251 4118 1258 4170 ζ

220 4177 306 4250 fimus,
318 4178 343 4230 in
355 4196 403 4248 qua
414 4178 489 4234 omnis
499 4196 551 4241 ars,
559 4186 582 4232 ct
594 4194 623 4229 ea
627 4175 711 4244 jitcut'·
1022 4228 1025 4232 ,
1201 4245 1206 4252 ἱ
1247 4217 1259 4254 t
