3000 4908
484 415 651 478 rusum.
672 413 872 484 oulror.
894 413 978 474 mu.
999 413 1053 474 rr.
1072 431 1103 490 4.
1236 425 1294 494 251

267 559 425 657 'tiunoulu
441 595 507 666 qua
520 579 593 644 usus
614 580 667 658 est,
682 590 780 666 patet.
825 576 944 642 Poterit
964 587 1071 642 autem
1093 574 1202 662 paullo
1221 573 1293 640 lou-

226 737 229 746 ,
297 663 344 732 'us
359 665 453 744 exire,
470 665 527 752 qui
546 679 698 750 praeparat
717 663 840 750 aliquid
861 675 934 750 ante
954 663 1168 748 quaestionem,
1185 673 1218 727 et
1238 661 1295 748 qui

241 747 245 764 ‘
294 747 371 812 nitae
394 749 572 836 probationi
598 749 685 814 velut
698 761 712 790 2
739 747 1047 812 commendationem
1076 746 1192 833 adjicit
1235 749 1295 826 At,

238 839 239 844 ’
271 833 382 932 quiex
397 835 504 900 media
516 835 665 922 erumpit,
682 827 747 898 cito
761 833 802 897 ad
822 832 856 896 id
878 833 981 896 redire
1003 832 1111 912 debet,
1126 831 1212 895 unde
1235 830 1293 919 def
1356 839 1357 842 ’

271 932 395 984 vertit..

255 1057 256 1063 κ
279 986 280 990 ¹
316 1005 374 1068 IV.
398 1006 492 1084 Sunt,
508 1003 564 1090 qui
580 1003 750 1068 narrationi
763 1001 980 1102 proprfitionem
993 1000 1194 1100 subjungent,
1211 1013 1294 1066 tam·

270 1107 366 1173 quam
393 1103 515 1176 partem
532 1088 693 1176 judicialis
711 1103 873 1153 materrae:
897 1088 948 1152 oui
968 1087 1110 1172 opinioni
1134 1085 1294 1172 respondi·
1334 1135 1338 1144 -
1394 1108 1396 1111 ·

271 1195 356 1238 mue.
401 1174 489 1238 Mihi
504 1189 608 1238 autem
620 1173 772 1262 propofltio
787 1172 910 1238 videtur
923 1171 1027 1240 omnis
1050 1171 1295 1238 confirmationis
1414 1173 1420 1196 ⁶

271 1255 419 1322 initium:
443 1259 530 1344 quod
544 1281 608 1322 non
623 1259 720 1324 modo
734 1259 765 1321 in
781 1257 971 1324 ostendenda
989 1256 1160 1343 quaestione
1174 1257 1294 1356 prinoi-
1342 1319 1345 1324 .

170 1355 176 1364 '
271 1342 346 1428 pali,
361 1343 415 1410 sed
429 1365 672 1430 nonnumquam
686 1343 783 1408 etiam
798 1342 832 1406 in
854 1341 983 1428 singulis
1003 1355 1200 1428 argumentrs
1220 1341 1295 1426 poni

272 1427 362 1504 solet,
378 1429 580 1514 maximeque
594 1429 626 1492 in
642 1428 707 1507 his,
721 1449 794 1514 quae
809 1425 1016 1510 ἐπιχειρήματα
1031 1440 1195 1492 vocantur.
1232 1425 1295 1492 Sed

167 1581 169 1590 ¹
241 1534 361 1582 omme
374 1512 415 1576 de
430 1513 532 1597 priore
546 1513 720 1598 loquimur.
764 1514 812 1578 Ee
826 1533 890 1574 non
904 1511 1024 1598 semper
1037 1511 1085 1576 uti
1107 1509 1226 1576 necesse
1239 1511 1295 1576 est.

273 1597 458 1682 Aliquando
472 1597 558 1662 enirn
575 1599 638 1662 fine
652 1596 858 1684 propositione
878 1618 1005 1682 quoque
1020 1595 1124 1694 aliqua
1139 1595 1210 1660 satis
1225 1617 1295 1661 me·
1352 1607 1354 1612 '

273 1680 442 1745 nifestum²
457 1683 512 1762 est,
527 1683 606 1770 quid
620 1683 652 1746 in
667 1682 837 1769 quaestione
853 1683 1014 1746 versetur:
1037 1694 1085 1756 ut:
1112 1702 1163 1758 ue,
1179 1680 1200 1744 sr
1223 1701 1295 1744 nar·
1399 1693 1402 1700 '

270 1766 356 1860 ,ratio
370 1767 415 1830 ibi
430 1766 526 1830 finem
548 1767 656 1846 habet,
672 1769 728 1846 ubi
750 1767 877 1831 initium
889 1766 1026 1860 ‚quaestio
1039 1789 1049 1845 3
1071 1703 1161 1844 adeo,
1176 1777 1213 1828 ut
1234 1764 1294 1828 ali-

273 1851 403 1936 quando
417 1852 528 1939 subjun
573 1867 624 1918 tur
645 1852 840 1940 expositioni,
855 1872 925 1937 quae
946 1850 1025 1914 solet
1046 1851 1079 1914 in
1101 1849 1297 1934 argumentis

273 1935 334 2004 effe
348 1936 469 2002 summa
485 1938 534 2002 col
549 1938 652 2007 edio:
670 1938 843 2023 Haee,ſscut
856 1935 982 2022 exposui,
997 1934 1040 2000 ita
1050 1933 1223 2021 geslosunt,
1234 1937 1295 1998 Ju·
1357 1957 1362 1966 ·

273 2020 369 2086 dices:
392 2021 542 2110 infidiotor
552 2025 724 2109 superatus,
745 2025 780 2088 vi
800 2021 882 2084 vida
903 2021 963 2099 vis,
985 2020 1037 2084 vel
1074 2020 1148 2084 otius
1169 2021 1296 2168 qspreſja

239 2107 386 2196 3vr'rtute
413 2109 543 2172 audacia
571 2107 619 2193 est.
664 2109 727 2178 Sed
755 2127 992 2192 nonnumquam
1018 2129 1037 2170 v
1069 2105 1109 2169 de
1132 2105 1177 2168 ut'
1195 2105 1221 2168 is
1241 2106 1295 2185 est,

239 2209 242 2218 ’
274 2193 443 2278 praeeipue,
457 2193 515 2257 ubi
528 2215 579 2258 res
598 2192 728 2258 defendi
746 2215 810 2256 non
832 2191 943 2276 potest,
958 2189 998 2255 de
1020 2190 1082 2254 fine
1094 2189 1293 2276 bqoaeritura

272 2291 323 2352 ut,
338 2300 396 2364 pro
411 2300 461 2356 eo,
477 2279 533 2365 qui
547 2279 714 2364 pecuniam
728 2277 879 2364 privatam
898 2274 939 2338 de
953 2275 1072 2362 templo
1086 2274 1218 2352 sustulit,
1235 2275 1295 2339 So-

274 2361 390 2448 erilegii
405 2364 521 2449 agitur,
536 2365 573 2428 de
575 2362 737 2450 sacrilegio
752 2361 935 2449 cognoscitis:
956 2373 994 2425 ut
1002 2359 1102 2446 judex
1123 2359 1297 2447 intelligat,

275 2444 309 2508 id
325 2469 424 2510 unum
439 2447 498 2512 effe
513 2448 608 2511 officii
621 2445 678 2526 sui,
694 2468 846 2533 quaerere,
862 2445 914 2510 Au
931 2445 975 2525 id,
990 2447 1068 2532 quod
1073 2443 1075 2448 ’
1087 2445 1231 2531 objicitur,
1236 2446 1296 2530 se-

241 2529 506 2622 sterilegiumſstv?
541 2534 622 2596 Item
639 2532 672 2596 in
686 2531 794 2599 cauffis
809 2530 959 2610 obscuris,
973 2543 1029 2594 eut
1042 2527 1296 2612 multiplicibus:

246 2617 248 2624 '
276 2637 337 2680 neo
349 2617 415 2680 sem
455 2629 614 2703 rpropter
634 2615 696 2680 hoc
718 2617 831 2694 solum,
846 2627 883 2680 ut
904 2615 940 2679 srt
961 2615 1062 2678 caufl'a
1081 2613 1228 2694 lucidior,
1244 2613 1299 2678 sed

275 2639 453 2785 aliquandi:e
459 2703 566 2781 etiam,
582 2715 618 2766 ut
634 2701 736 2788 magis
750 2713 887 2766 moveat.
924 2701 1039 2764 Movet
1052 2712 1170 2784 autem,
1186 2699 1206 2762 fi
1222 2721 1297 2785 pro·

275 2783 367 2850 tinuo
376 2785 600 2850 subtexunturc
614 2786 729 2872 aliqua,
746 2809 817 2873 quae
831 2784 957 2873 profint.
1001 2785 1066 2848 Lex
1080 2785 1298 2872 apertescripto

274 2868 326 2955 est,
353 2882 388 2935 ut
408 2871 595 2960 peregrinus,
614 2873 665 2958 qui
687 2896 801 2936 murum
821 2871 992 2956 ascenderit,
1011 2881 1104 2934 morte·
1120 2869 1297 2934 muldetur:

217 2981 218 2984 ¹
270 2957 461 3043 peregrinum
475 2969 503 3020 te
516 2957 569 3042 effe
583 2969 692 3020 certum
707 2956 762 3043 est:
785 2957 878 3042 quint
899 2955 1079 3041 ascenderise
1099 2977 1226 3035 murum,
1241 2977 1300 3018 non

273 3042 439 3134 queritur.-
461 3042 535 3130 quid
543 3041 685 3130 superest,
706 3041 770 3128 nist,
792 3053 826 3104 ut
850 3054 877 3104 te
899 3040 1002 3130 puniri
1024 3042 1179 3128 oporteat?
1214 3041 1298 3106 Haec

308 3219 320 3248 ⁸
339 3224 411 3276 atque
422 3215 633 3262 commendatione
642 3215 673 3262 G.
683 3215 746 3262 Jens.
832 3218 843 3244 ⁸
861 3212 985 3260 manifesta
995 3213 1026 3261 G.
1124 3209 1135 3241 ⁸
1154 3211 1192 3261 Sic
1202 3213 1265 3260 lens.
1276 3225 1299 3262 er
1328 3184 1339 3206 Ἃ

271 3277 335 3358 plur.
347 3291 384 3342 ap.
394 3281 472 3327 Burm.
483 3275 543 3355 oreja:
554 3281 620 3327 etiam
631 3279 680 3326 vid.
692 3279 752 3340 epist.
759 3287 784 3340 p.
800 3293 837 3338 19.
854 3278 883 3326 de
891 3277 943 3336 jure
955 3275 986 3326 ul.
1077 3281 1088 3308 t
1108 3275 1257 3358 subterantur
1265 3278 1302 3330 G.·

277 3343 341 3416 reale.
423 3344 565 3405 “qmsrG.
646 3343 803 3408 eascendens
814 3343 845 3390 G.

314 3505 356 3552 17.
385 3489 547 3554 oratiuncula,
566 3509 620 3562 qua
640 3493 695 3564 ufic:
717 3467 760 3562 est]
847 3509 872 3543 r.
891 3489 1068 3560 respondimus]
1090 3489 1164 3562 supra
1183 3509 1208 3556 3,
1226 3513 1251 3561 9,
1270 3510 1297 3546 τ.
1360 3515 1363 3520 ’

276 3557 356 3618 Debet
367 3557 444 3628 igitur
456 3562 527 3612 Fabii
543 3574 615 3616 aetate
631 3565 704 3614 etiam
722 3563 764 3614 illa
809 3559 846 3630 sq.
1127 3603 1129 3608 .

276 3626 396 3706 erstitiffe,
408 3647 482 3698 quarn
495 3648 539 3700 pro
550 3630 645 3684 Milone
657 3636 685 3684 in
696 3633 763 3697 judi·
847 3649 872 3682 2.
892 3631 961 3692 Haec,
975 3628 1038 3698 ficut
1053 3629 1163 3700 expositi]
1183 3630 1240 3682 cie.
1253 3647 1298 3700 pro

275 3711 317 3774 ρο
334 3697 422 3750 habuit
439 3699 537 3762 Cicero,
550 3719 655 3770 quaeque
672 3701 766 3754 clamo·
811 3700 887 3752 Milo.
900 3719 977 3752 c.11.
1267 3739 1268 3743 ,

276 3769 346 3818 ribus
370 3767 546 3822 Clodianorum
569 3771 684 3840 impedita
703 3771 762 3824 fuit.
849 3789 873 3835 3.
892 3771 921 3821 de
930 3771 983 3839 fine
998 3767 1130 3840 qucerr'rur]
1155 3767 1220 3820 Solet
1236 3767 1299 3840 saepe

179 3879 183 3886 .
276 3834 339 3886 Nec‘
352 3838 453 3900 mirum,
474 3857 530 3890 cum
548 3839 671 3892 Asconius
688 3841 718 3892 de
737 3859 765 3894 ea
811 3840 888 3892 noster
891 3840 968 3908 finem
984 3858 1029 3910 pro
1044 3839 1184 3890 definitione
1200 3857 1297 3908 ponere.

275 3902 374 3967 referat,
398 3909 487 3960 Manet
507 3918 589 3960 autem
608 3909 653 3961 illa
674 3928 763 3979 quoque
813 3909 902 3961 Altera
913 3909 985 3962 leuto
995 3909 1089 3978 dejure
1103 3905 1200 3960 defendi
1211 3907 1253 3959 nisr
1266 3909 1299 3960 ti-

276 3983 377 4094 qqrcepge
390 3979 418 4044 (a
434 3979 621 4099 nomiisodma)
636 3981 690 4059 ejus
705 3997 762 4045 ora·
814 3979 866 4061 tulo
886 3979 1028 4047 pollelsronis
1044 3995 1096 4057 non¹
1110 3977 1195 4046 potest.
1231 3977 1300 4050 Qtd

277 4047 762 4182 §iljuillliiidulililulliile
812 4047 1299 4188 {ltdtssditlltlltidt

276 4175 401 4258 solimam,
413 4179 517 4262 ejusdem
535 4187 639 4238 Asconii
655 4187 761 4242 testimo-
814 4187 846 4238 est
861 4205 913 4239 rem
930 4188 1064 4254 defendere,
1083 4204 1157 4257 quam
1168 4188 1228 4258 jure
1236 4185 1299 4254 sar·

276 4263 318 4300 nro
330 4252 430 4306 conllat.
448 4256 508 4308 Vid.
521 4257 552 4308 ad
563 4273 590 4320 4,
605 4259 686 4332 1,·69.
811 4267 862 4310 tam
872 4257 1040 4312 demonstrare.
