2870 4916
116 469 1166 546 Μ

183 838 276 936 Μ.
302 841 1104 948 rnurrourucrruraur
1165 832 1169 838 ’
1214 823 1216 828 ’

481 1259 800 1334 ORATORIAE

405 1363 865 1520 INSTITUTIONlS

334 1699 336 1706 -
512 1619 760 1725 monos-mr

299 1855 367 1922 Ao
385 1845 683 1924 MARCELLUM
698 1855 969 1948 xvrororruur

504 2073 759 2140 PROOEMIUM.

107 2243 247 2352 POST
271 2281 475 2372 impetratam
497 2284 605 2352 studiis
628 2285 710 2355 meis
736 2283 891 2374 quietem,
912 2306 985 2374 quae
1011 2287 1079 2374 per'
1095 2281 1146 2352 vi-

107 2367 196 2456 ginti
215 2389 318 2433 annos
332 2369 516 2436 erudiendis¹
537 2370 705 2438 'uvenibus
726 2373 770 2438 im
813 2373 955 2453 nderam,
970 2395 1045 2437 curn
1061 2393 1079 2436 a
1093 2395 1148 2438 mo

108 2451 246 2540 quidam
261 2453 461 2521 familiariter
480 2395 547 2544 poll

108 2539 208 2604 cendi
233 2555 471 2627 componerem,
495 2541 553 2609 diu
573 2544 642 2609 sum
665 2539 816 2630 equidem
836 2541 1031 2608 reludatus:
1080 2541 1148 2622 uod

108 2625 258 2690 austores
290 2625 454 2713 utriusque
481 2627 604 2716 linguae
638 2627 822 2694 olariffimoe
856 2649 922 2693 non
955 2627 1148 2716 ignoratam

108 2710 226 2789 multa,
239 2723 313 2797 quae
328 2711 368 2776 ad
381 2711 541 2800 hocopus
555 2712 759 2800 pertinerent,
775 2711 832 2778 dili
857 2711 1011 2778 entiffime
1031 2713 1148 2813 scripta

78 2795 241 2880 apelletis
254 2796 423 2886 reliquille.
467 2798 532 2862 Sed
546 2819 611 2886 qua
624 2820 687 2898 ego
702 2821 741 2862 ex
756 2819 815 2864 cau
840 2821 860 2862 a
873 2795 1047 2862 faciliorem
1062 2797 1146 2864 mrhi

109 2881 236 2946 veniam
252 2901 332 2946 meae
345 2881 577 2970 deprecationis
598 2883 773 2948 arbitrabar
790 2883 869 2960 fore,
882 2883 964 2947 haec
986 2882 1144 2949 accende·

107 2964 227 3056 bantur
240 2965 289 3030 illi
303 2967 425 3056 magis:
448 2967 538 3056 quod
553 2968 638 3033 inter
650 2967 787 3033 diversas
807 2989 827 3033 o
850 2966 973 3032 iniones
988 2967 1144 3056 priorum,

107 3063 141 3115 et
153 3051 307 3138 quasdam
321 3055 420 3117 etiam
434 3052 518 3118 inter
529 3053 563 3118 se·
574 3053 761 3135 contrariae,
771 2989 910 3118 dillicilis
922 3053 998 3118 esset
1010 3052 1142 3119 eleotior

107 3149 145 3201 ut
160 3137 291 3218 mihi‚sr
306 3159 370 3202 non
384 3137 568 3203 inveniendi
581 3160 676 3219 nova,
689 3150 723 3203 at
736 3137 1000 3226 certejudicandi
1014 3137 1075 3202 ded
1089 3161 1145 3204 ve-

75 3245 94 3310 3
107 3223 243 3302 teribus,
254 3221 422 3310 injungere
434 3223 577 3290 laborem
592 3245 658 3289 non
672 3224 786 3311 injuste
799 3223 995 3290 viderentur.
1018 3223 1145 3290 Quam·
1262 3268 1265 3274 -

106 3308 166 3372 vie
178 3322 365 3374 autemnon
379 3321 448 3375 tam
461 3328 516 3374 me
529 3309 671 3375 vinceret
690 3308 866 3396 praestandi,
882 3307 970 3396 quod
987 3308 1142 3396 exigeba-

106 3405 173 3472 tur,
193 3392 322 3474 fiducia,
343 3409 441 3482 quam
462 3393 837 3482 negandi'vereoundia:
860 3392 956 3458 latius
977 3392 1008 3459 se
1031 3395 1144 3458 tamen

105 3477 268 3565 aperiente
285 3481 430 3560 materia,
445 3479 518 3567 plue
537 3501 635 3568 quam
656 3479 881 3565 imponebatur
898 3477 1015 3558 oneris,
1029 3478 1143 3566 sponte

106 3563 247 3651 susc‘epi3
272 3564 364 3630 limul
378 3578 416 3630 ut
438 3565 576 3652 pleniori
596 3563 748 3664 obsequio
768 3563 946 3663 dwer'rer
998 3563 1140 3662 ,pptissi-

106 3671 177 3744 mos
189 3649 279 3730 meli
301 3649 394 3738 timul
415 3671 456 3715 ne
475 3650 641 3742 vulgarem
660 3672 746 3717 vram
767 3649 859 3740 iugre‘,
884 3635 968 3730 defu
982 3643 1061 3716 'uhts
1080 3648 1140 3714 de·

390 3843 403 3868 ⁸
417 3850 462 3887 m.
474 3839 507 3889 G.
571 3837 583 3870 ⁶
602 3837 633 3887 de
642 3837 761 3887 veteribus
771 3853 812 3886 om.
824 3835 858 3884 G.

142 4011 166 4052 r.
180 4004 230 4070 per
246 3998 345 4070 viginti
360 3999 449 4066 annor]
470 3999 597 4063 Retinuit,
645 3997 726 4062 idac,
738 4015 815 4069 quam
826 3998 928 4070 sequena
942 3997 1137 4052 accendebantur

109 4072 163 4122 etin
174 4072 326 4123 sui'Codicis
338 4087 380 4142 ra,
390 4087 401 4120 ι
408 4069 524 4135 5,retulit
534 4071 597 4122 hanc
645 4067 709 4121 forte
719 4071 814 4140 peperit
824 4089 831 4120 z
851 4079 896 4122 aut
912 4069 1079 4150 reponendum
1092 4072 1141 4122 eu.¹

107 4139 181 4210 legem
194 4141 349 4210 Justinianus
358 4140 424 4203 pubi
435 4139 486 4191 vid.
501 4140 571 4192 leti.
646 4137 846 4210 Certe-repetitio
856 4137 965 4192 rudentis
981 4137 1090 4208 palatum
1104 4139 1150 4208 li'·¹

138 4228 164 4264 a.
188 4211 236 4264 bac
256 4208 465 4273 accendebantur]
489 4209 548 4262 Aut
569 4226 599 4261 o·
646 4220 705 4261 terre
725 4208 822 4279 ingrata
838 4206 912 4261 nobis
931 4207 1072 4272 videbatur,
1091 4207 1140 4261 hoc

106 4281 221 4338 mittenda
233 4280 345 4340 ridetur,
354 4289 384 4331 ut
396 4277 426 4332 lt
435 4278 598 4344 monetam,
647 4278 690 4336 est,
701 4293 790 4348 parum
800 4278 879 4350 digna
888 4277 979 4334 Fabio.

652 4364 707 4418 ¹2

548 2455 683 2540 ularent,
698 2470 737 2524 ut
789 2457 879 2546 iquid
900 2457 941 2522 de
959 2457 1080 2522 ratione
1094 2457 1147 2522 di·
1169 2525 1173 2533 ,
1269 2463 1274 2470 ’
