2938 4910
379 413 1003 508 rusrtr.'0nntou.trn.v1.·4.
1063 385 1065 390 ’
1146 433 1205 516 ³⁸7
1273 445 1275 453 ψ

136 601 276 658 ctum&
321 591 451 658 Constat
468 594 555 660 enim
576 607 633 659 aut
654 593 842 675 intentione,
857 607 912 660 aut
935 593 1148 682 depulfione²,
1161 593 1204 661 de

114 675 117 682 ’
171 677 291 764 quibus
311 677 384 743 satis
404 681 560 746 traditum
582 681 636 759 est,
652 679 739 766 quia,
754 681 912 769 quidquid
934 681 967 744 in
988 681 1113 746 actione
1128 702 1202 766 per-

144 784 148 794 ·
171 775 270 849 petua
283 763 368 828 circa
381 766 583 852 probationes
599 765 678 830 utile
692 767 746 846 est,
762 765 795 830 id
807 769 818 804 θ
836 781 869 830 et
883 766 915 828 in
930 763 990 832 hac
1004 766 1093 831 brevi
1107 766 1221 852 atque*

172 849 297 913 concisa
310 851 417 936 profit,
433 852 553 916 necesse
566 852 620 915 est.
664 852 782 937 Neque
803 850 864 916 alia
884 851 1035 916 dicuntur
1055 851 1088 914 in
1106 851 1204 916 alter·

172 933 310 1015 catione,
336 935 390 999 sed
417 937 520 1017 aliter,
547 948 613 1000 aut·
626 936 864 1023 interrogando,
890 950 946 1000 aut
974 935 1204 1023 respondendtt.

138 1018 277 1105 gssujus
290 1021 337 1084 rei
359 1019 424 1085 iere
445 1022 550 1086 omnis
571 1021 749 1086 observatio
770 1023 804 1086 in
827 1021 1029 1098 illotcssium
1050 1021 1125 1086 loco
1147 1044 1203 1086 ex-

172 1105 256 1170 culsa
270 1106 365 1171 nobis
379 1107 433 1172 est,
475 1109 621 1187 Tamen,
630 1108 707 1194 quia
719 1107 814 1172 latius
829 1107 987 1193 hocopus
1005 1107 1137 1194 aggrelli
1152 1107 1205 1171 su·

170 1211 258 1268 mus,
275 1213 381 1279 neque
404 1190 562 1280 perfectus
589 1207 695 1264 orator
716 1191 779 1257 fine
801 1193 862 1257 hac
876 1193 994 1257 virtute
1016 1192 1079 1256 dici
1093 1194 1205 1279 potest,

172 1275 352 1362 paullulum
381 1276 604 1365 impendamus
633 1277 709 1341 huic
737 1299 867 1366 quoue
917 1276 1061 1342 eculiaris
1087 1281 1206 1364 opetae,

174 1384 247 1448 quae
261 1362 393 1449 quidem
409 1363 442 1426 iu
457 1363 647 1449 quibusdam
661 1364 770 1428 cauffis
788 1301 828 1427 ad
849 1363 880 1429 vi
914 1362 1015 1426 oriam
1038 1360 1093 1426 vel·
1128 1363 1206 1426 luri·

139 1463 264 1525 4mum
282 1445 375 1511 valet.
394 1449 493 1529 Nam,
510 1461 565 1512 utc
584 1449 617 1512 in
633 1447 781 1536 qualitate
795 1449 947 1548 generali,
963 1447 1086 1534 inqua,
1102 1384 1206 1512 Reate-

174 1533 339 1617 nefastum
352 1533 436 1621 quid,
453 1558 494 1597 an
508 1546 608 1598 contra
619 1535 694 1620 fit?
715 1543 878 1620 qua'entpr,
893 1547 1045 1620 perpetua
1059 1533 1208 1598 domina-

173 1629 228 1680 tur
242 1617 369 1698 oratio3
391 1631 425 1682 et
439 1621 642 1706 quaestionem
657 1618 811 1706 finitionis
832 1619 996 1685 actionesd
1018 1617 1208 1705 plerumque

173 1701 248 1766 satis
262 1702 433 1788 explicant,
451 1719 483 1768 et
496 1705 605 1768 omnia
619 1727 712 1791 pene,
728 1705 761 1768 in
777 1705 895 1791 quibus
913 1703 954 1768 de
970 1703 1055 1768 fatto
1074 1703 1207 1784 constat,

174 1798 230 1851 aut
244 1789 420 1877 conjectura,
433 1789 588 1854 artificiali
602 1791 736 1868 ratione,
752 1791 932 1877 colligitur:
956 1789 1002 1852 ita
1016 1789 1048 1852 in
1064 1785 1103 1852 iis
1119 1787 1208 1852 caus-

174 1867 330 1960 sts,·'(quae
352 1873 425 1938 sunt
446 1874 715 1962 frequentillimae)
734 1898 805 1962 quae
826 1875 878 1939 vel
899 1873 974 1938 solis
996 1887 1085 1938 extra
1106 1887 1207 1938 artem
1271 1881 1288 1911 ⁸

173 1958 429 2045 probationibus,
454 1959 505 2025 vel
526 1961 636 2024 mixtis
659 1961 880 2044 continentur,
901 1959 1068 2046 asperrima
1090 1957 1123 2021 in
1146 1959 1210 2024 hac

173 2056 263 2130 parte
276 2044 442 2110 dimicatio
456 2046 511 2125 est,
528 2068 587 2110 nec
601 2045 678 2110 alibi
693 2047 811 2112 dixeris
831 2046 935 2133 magis
956 2053 1108 2108 mucrone
1122 2042 1208 2129 puo-
1234 2109 1235 2114 ,

140 2135 162 2209 5
176 2128 255 2194 nari.
298 2129 386 2194 Nam
400 2144 434 2196 et
446 2130 616 2196 firmiffima
629 2153 766 2218 quaeque
780 2131 944 2199 memoriae
962 2129 1082 2218 judicis
1101 2129 1178 2203 ineu
1193 2169 1208 2182 -

174 2214 278 2279 canda
291 2215 376 2296 sunt,
392 2215 502 2303 etjam
515 2228 526 2255 ⁸
563 2217 761 2297 raellandum,
776 2213 935 2304 quidquid
950 2217 981 2278 in
997 2214 1122 2279 abbione
1136 2237 1211 2302 pro-

173 2300 328 2382 misimus,
342 2313 377 2364 et
397 2302 528 2366 refellen
553 2301 764 2366 amendacia.
808 2301 977 2388 Nusquam
998 2301 1042 2363 est
1056 2300 1208 2386 denique,
1282 2321 1285 2326 ·

174 2385 231 2472 qui
252 2385 608 2534 cognogcitspgtentiog.
652 2385 1208 2534 Nechimmerito-qpidam,dquam-

141 2491 287 2620 olillia
297 2491 495 2620 illenillllnl)
500 2484 1082 2642 nbmebobrgtlonbluldlnebtaqtdidgnn
1096 2492 1208 2644 litlirgll-

175 2639 299 2705 toribus
313 2639 396 2706 suis‘
409 2641 502 2706 illum
518 2641 616 2706 modo
629 2641 833 2706 ambitiosum
848 2639 1048 2706 declamandi
1062 2639 1210 2735 sudorem

203 2878 221 2906 ⁴
239 2875 370 2937 perteuum
381 2877 413 2924 G.
423 2876 488 2924 Jenl'.
554 2881 565 2906 ¹
584 2871 727 2936 impulsione
738 2873 769 2920 G.
844 2869 855 2902 δ
874 2872 939 2918 idem
950 2872 997 2918 hac
1006 2870 1070 2920 Jens.
1146 2876 1156 2900 ⁶
1176 2871 1208 2918 it·

175 2953 224 3002 quc
235 2955 266 2988 ne
276 2942 317 3006 inf.
328 2943 410 3002 Kapp.
488 2940 499 2970 ‘¹
518 2935 755 3000 tutonis—explieat
765 2951 844 2994 omnes,
851 2946 937 2999 preter
948 2937 979 2983 G.
991 2946 1013 2982 et
1025 2937 1103 2998 Kapp.
1116 2936 1219 3000 quassa--

176 3005 274 3070 quimur.
339 3011 349 3036 ⁶
367 3005 408 3056 Sr'e
417 3004 481 3054 lens.
492 3015 515 3052 et
524 3004 557 3054 al.
568 3014 606 3066 ap.
617 3005 674 3052 Bur.
688 3002 742 3062 jam
752 3017 794 3049 om.
803 2999 836 3050 al.
900 2999 911 3032 t
927 3000 963 3048 usr
973 3001 1054 3050 ullum
1063 3003 1128 3050 Jenl.

212 3222 302 3285 IV,4.
324 3217 430 3274 actiones
446 3216 588 3286 plerumque
599 3213 667 3286 satb
715 3211 855 3265 artificialia
882 3222 1028 3283 argumenta
1058 3211 1206 3282 colligitur3

174 3290 256 3358 capi]
284 3289 396 3342 Ostendit
415 3289 518 3348 Fabius,
530 3288 576 3338 ubi
592 3285 691 3352 alten,
715 3283 790 3336 etiam
810 3283 863 3350 brec
883 3283 942 3335 satis
956 3283 1082 3352 explicant
1098 3283 1207 3336 abliones

176 3359 273 3412 tatione
289 3377 353 3428 opus
364 3359 402 3420 fit,
414 3359 458 3410 ubi
475 3373 524 3408 non
542 3355 580 3407 stt.
607 3355 666 3406 Non
714 3365 849 3423 perpetua·
869 3355 963 3404 Verum
975 3353 1132 3406 altercatione
1142 3371 1207 3424 opus

175 3427 209 3480 est
221 3429 301 3498 primo
311 3431 337 3480 in
352 3425 474 3497 qualitate
482 3425 606 3494 generali,
625 3425 666 3476 hic
714 3423 783 3481 estin
801 3423 886 3474 eodem
902 3421 966 3474 statu
982 3422 1208 3488 conjefilurali,ubi
1235 3459 1239 3467 -

176 3500 243 3550 enim
299 3506 387 3566 rpetua
413 3495 553 3546 dominatur
579 3494 666 3555 oratio,
714 3492 915 3545 inartificialibus
932 3493 1095 3561 argumentis,
1113 3493 1207 3543 ut-tet'-

176 3585 228 3636 qua
246 3507 350 3620 otle‘udit
368 3576 459 3626 orator,
476 3582 503 3616 v.
515 3582 542 3634 g.
564 3565 666 3616 liceatne
714 3563 794 3623 tibus,
806 3563 972 3614 instrumentis
984 3563 1032 3613 &e
1049 3561 1088 3612 vel
1100 3561 1155 3612 solis
1167 3561 1207 3613 vel

176 3637 312 3708 aliquando
322 3637 446 3690 hominem
464 3635 593 3688 occidere?
614 3634 665 3685 De·
714 3632 812 3694 mixtis,
823 3631 944 3685 utendum
955 3631 997 3682 etl.
1016 3631 1072 3697 Jam
1083 3643 1208 3698 quantum
1290 3653 1292 3659 ·

176 3707 233 3762 iude
245 3701 449 3766 Atlionesetiam
462 3704 488 3756 h.
500 3722 524 3755 e.
543 3704 687 3756 orationes·
715 3702 747 3754 ad
769 3702 831 3754 hanc
853 3700 1006 3762 sententiam,
1029 3699 1129 3770 planam
1156 3717 1206 3754 non

167 3789 312 3849 perpetuae,
325 3779 368 3845 (ut
382 3773 447 3828 allio
459 3773 544 3842 prima
561 3775 587 3826 in
604 3775 667 3823 Ver·
713 3771 799 3833 modo,
823 3771 862 3822 sed
890 3767 1053 3829 neceffariam,
1075 3768 1205 3839 scriptura,

175 3860 239 3910 rem,
259 3859 283 3899 et
301 3845 404 3900 aetionis
420 3845 532 3916 secunde
552 3843 610 3896 libri
628 3843 665 3908 V)
714 3859 790 3910 quam
804 3841 951 3909 recepimus,
963 3837 1083 3898 conferat,
1096 3839 1144 3907 ipse
1156 3840 1206 3892 lec-

176 3916 324 3986 plerumque
335 3917 393 3969 satis
405 3913 529 3985 explicant
531 3914 626 3984 statum
630 3914 666 3979 fi·
714 3923 765 3971 tor,
785 3912 831 3979 qui
852 3921 930 3980 potes,
949 3908 1069 3960 exillima.
1099 3908 1206 3962 Videtur

175 3985 340 4052 nitiottit‚ubi
354 3987 484 4055 quaeritur,
497 3983 554 4034 srtne
571 3982 664 4041 vitea,
715 3980 789 4042 idem,
814 3992 937 4047 quantum
959 3978 992 4032 ad
1017 3978 1136 4028 summam
1158 3981 1204 4042 rei,

175 4071 233 4122 quae
244 4065 348 4108 metuet
366 4055 442 4108 minis
460 4053 571 4105 constat?
598 4052 664 4103 Ter·
713 4045 1081 4120 spetlalleBurrnannus,cuml
1114 4049 1205 4100 endum

163 4124 221 4184 ·tio,
234 4125 326 4186 omnia,
338 4125 364 4176 in
381 4124 474 4194 quibus
491 4123 522 4174 de
538 4120 605 4172 fallo
621 4131 666 4171 aut
714 4119 829 4182 conjecit,
852 4128 898 4170 aut
916 4115 1064 4188 questionem
1082 4065 1206 4183 ffnitionis

174 4192 277 4256 constat,
298 4205 342 4259 aut
355 4193 427 4263 flatu
446 4190 603 4268 cqnjfliurali
623 4206 670 4261 perv
714 4187 779 4262 αἰξίν
785 4187 927 4258 plerumque
929 4186 995 4258 satis
1004 4183 1122 4255 explicat.
