3000 4908
450 411 617 508 rusr'rr.
639 423 842 486 onuron.
864 423 945 485 nm.
966 423 1004 485 v.
1023 444 1069 485 11.
1208 425 1267 506 307

239 579 362 650 Homeri
375 589 471 676 versu,
488 587 543 674 qui
558 598 665 652 tamen
681 587 743 674 ipse
758 587 868 651 nonin
884 581 971 653 omni
986 585 1127 653 editione
1144 588 1264 678 reperi·

236 683 300 750 tur,
321 671 510 759 significum,
533 675 655 762 rnorem
678 696 770 738 naves
785 675 863 758 snas
885 673 1109 760 Athenierfibas
1119 677 1216 762 junxi
1236 699 1263 741 a.

180 756 283 836 41Ea
305 775 443 844 quoque,
458 781 530 844 quae
553 759 652 846 vulgo
674 771 800 844 recepta
822 759 904 837 sunt,
921 759 983 823 hoc
1006 761 1084 845 ips0,
1099 761 1186 846 quod
1208 761 1260 824 in-

235 853 357 920 certum
372 845 534 908 auctorem
550 844 681 921 habent,
699 845 788 907 velut
802 843 946 906 omnium
969 843 1068 908 fiunt:
1092 846 1186 932 quale
1206 847 1261 925 eli,

239 925 297 988 Ubi
312 930 410 1008 amici,
423 929 466 992 ibi
480 943 565 1016 opes:
586 941 631 1009 et,
649 928 829 1015 Corfiientia
843 928 924 992 mille
938 927 1036 1014 testes:
1059 942 1092 994 et
1105 932 1188 1017 'apud
1205 933 1266 1003 Cis

234 1029 394 1092 ceronem,
413 1015 618 1077 Praesentem
637 1015 704 1099 (uth
721 1012 805 1098 estin
820 1026 917 1076 uetere
934 1015 1099 1101 proverbio)
1118 1031 1182 1080 cum
1200 1032 1260 1104 po-

233 1096 316 1159 ribus
326 1097 497 1184 facillimo
520 1109 759 1187 congregantur:
782 1120 885 1184 neque
907 1099 991 1164 enim
1013 1099 1169 1186 durallent
1191 1102 1262 1167 haeo

176 1202 220 1264 42
231 1178 266 1242 in
293 1195 459 1262 aeternum,
486 1183 542 1247 nifi
568 1207 640 1248 vera
668 1184 817 1248 omnibus
847 1183 1040 1248 viderentur.
1085 1186 1218 1250 Ponitur
1242 1207 1261 1250 a

232 1266 433 1351 quibusdam,
449 1281 484 1334 et
506 1269 638 1355 quidem
662 1269 695 1332 in
718 1281 806 1354 parte
824 1268 936 1354 prima,
951 1271 1093 1332 Deorum
1119 1272 1259 1336 aunon-

230 1362 293 1430 tas,
309 1371 381 1440 quae
404 1355 448 1418 est
470 1375 509 1418 ex
524 1353 682 1441 responsu,
698 1367 748 1432 ut,
765 1353 912 1417 Socratem
936 1355 988 1439 effe
1000 1355 1135 1440 sapienti
1157 1379 1259 1422 rmum.

231 1435 270 1498 Id
284 1459 389 1501 rarum
405 1439 468 1502 est:
491 1451 598 1502 tamen
614 1440 720 1504 utitur
734 1459 772 1502 eo
788 1438 902 1506 Cicero
917 1437 951 1501 in
974 1439 1066 1502 libro·
1077 1439 1117 1502 de
1140 1442 1258 1528 aruspi-

230 1539 305 1583 cum
315 1522 474 1609 relponsu,
484 1536 518 1586 et
527 1523 559 1586 in
573 1523 728 1588 concione
738 1535 847 1587 contra
858 1523 1043 1602 Catilinam,
1055 1524 1259 1611 oumstgnam

133 1604 136 1612 ’
228 1602 316 1672 Joois
340 1607 482 1671 columnae
505 1609 544 1671 in
565 1609 707 1696 osttnmp
745 1608 793 1672 ulo
819 1607 959 1693 tutundit:
981 1622 1016 1672 et
1059 1630 1095 1672 ro
1115 1611 1257 1708 Liguria,
1305 1611 1311 1618 ’

229 1711 295 1753 cum
309 1690 435 1778 carcffnm
450 1693 518 1758 Gaii
533 1623 661 1779 (lusoris
676 1623 829 1772 miliorum,
843 1693 918 1792 quia
933 1694 1006 1757 hoclt
1057 1694 1080 1756 ii
1091 1695 1261 1781 judaerum-¹

228 1775 302 1854 rint,
328 1777 492 1864 comitetur.
536 1779 622 1844 Quae
649 1799 724 1843 cum
747 1793 873 1864 propna
901 1778 1011 1842 cauffae
1038 1778 1123 1858 sunt,
1149 1781 1257 1846 diuina

228 1859 390 2008 §stimuum
405 1873 577 1928 vocantur:
599 1885 673 1928 cum
697 1863 827 1927 aliunde
847 1862 1051 1942 arcelluntur,
1066 1879 1255 1950 argumenta.

172 1981 230 2049 43·
264 1967 485 2034 onnumquam
508 1947 685 2034 contingit¹
702 1946 823 2033 judicis
844 1969 984 2094 quamue,
999 1961 1055 2012 aut
1077 1951 1255 2032 adversarii,

217 2043 283 2093 ¹aut
298 2030 380 2117 ejuS,
396 2033 453 2119 qui
468 2055 507 2098 ex
528 2033 649 2098 diverso
663 2033 743 2120 agit,
759 2031 882 2096 dietum
905 2031 1036 2119 aiquod
1058 2047 1113 2098 aut
1136 2034 1256 2102 facium

226 2115 378 2180 allomere
406 2117 447 2182 ad
475 2140 599 2197 eomm,
627 2139 699 2204 quae
732 2117 941 2196 intendimuS,
973 2117 1082 2184 fidem.
1127 2121 1256 2207 Propter

226 2200 471 2286 quod-fuerunt,
487 2204 543 2302 qui
565 2203 710 2288 exempla
729 2215 762 2266 et
783 2202 841 2265 has
862 2202 1066 2266 auctoritates
1090 2205 1253 2289 probatio-

225 2303 303 2349 num
319 2285 563 2353 inartificialium
579 2287 639 2352 effe
653 2287 889 2366 arbitrarentur,
906 2286 993 2372 quod
1015 2309 1053 2350 ea
1075 2310 1139 2352 non
1162 2289 1259 2357 inve-

227 2370 309 2434 niret
324 2385 441 2451 orator,
457 2374 511 2437 sed
525 2373 693 2471 acciperet.
723 2371 899 2436 Plurimum
916 2383 1023 2435 autem
1038 2372 1144 2439 refert.
1167 2376 1255 2442 Nam

227 2453 314 2552 tastis,
329 2469 362 2519 et
376 2457 505 2544 qaeestio,
521 2473 554 2520 et
569 2458 620 2520 hrs
634 2453 757 2535 nmilia,
774 2467 807 2521 et
821 2457 861 2519 de
876 2454 939 2541 ipsa
961 2478 1006 2535 re,
1021 2479 1093 2542 quae
1113 2458 1145 2520 in
1163 2460 1253 2545 judi-

225 2559 277 2600 c10
293 2540 346 2618 est,
363 2542 622 2625 pronuntiantm:
646 2555 735 2604 extra
748 2542 858 2627 petita,
874 2539 929 2602 nisi
945 2541 985 2603 ad
1003 2541 1144 2627 aliquam
1168 2565 1252 2630 prae-

225 2623 321 2771 sentiss
335 2625 571 2772 dislceptationis
591 2626 765 2690 utilitatem
788 2624 920 2712 ingenio
942 2626 1155 2712 applicantur,
1171 2630 1255 2696 nihil

267 2731 282 2770 r
309 2731 380 2775 eva
392 2725 458 2776 ent.

219 2727 347 2876 lleXll.
370 2796 452 2860 Haec
473 2797 539 2862 fere
562 2795 602 2860 de
623 2795 804 2882 probatione,
820 2793 871 2856 vel
898 2793 938 2858 ab
962 2793 1032 2858 aliis
1054 2797 1181 2876 tradita,
1203 2799 1255 2866 vel

218 2877 283 2942 usu
297 2894 444 2966 percepta
454 2899 480 2963 1¹,
496 2884 530 2946 in
544 2880 608 2945 hoc
622 2893 748 2968 tempus
763 2879 913 2944 sciebam.
956 2879 1029 2944 Nec
1043 2880 1124 2946 mihi
1139 2883 1255 2950 fiducia

256 3083 313 3131 hut
325 3086 392 3133 estin
404 3095 494 3146 om.ap.
509 3077 558 3131 ci'c.
622 3081 757 3131 ¹manime
768 3084 798 3132 G.
872 3083 957 3132 ’‘haec
969 3085 999 3132 G.
1074 3087 1199 3149 ¹coutigit
1212 3088 1252 3149 ju.

216 3147 345 3208 ·dicis‚aut
356 3151 387 3197 G.
451 3159 470 3186 ¹¹¹
487 3149 626 3196 renuntiant
637 3149 668 3196 G.
685 3149 799 3211 eraloap.
810 3149 890 3196 Burni.
956 3163 967 3186 n
987 3153 1178 3214 praeceptalem.

258 3347 304 3392 40.
323 3331 423 3382 Homeri
438 3329 528 3401 versu]
547 3328 586 3378 ’nu
598 3329 630 3381 θ’.
650 3334 709 3395 558.
760 3339 919 3390 memoratur,
936 3329 978 3381 ubi
995 3331 1070 3386 amici
1085 3331 1173 3384 ibidem
1183 3343 1247 3403 opes.

214 3399 269 3450 'ubi
281 3398 392 3460 illisnt'ac
402 3399 454 3448 δ’ἐκ
465 3401 586 3460 taranta:
600 3398 650 3459 alyn
666 3401 711 3446 oo-
761 3397 806 3448 Sed
824 3405 890 3465 opus,
915 3399 933 3450 i.
954 3417 974 3451 e.
999 3400 1105 3464 labores,
1119 3402 1248 3466 moluttae‘,

222 3470 313 3515 autom
332 3471 387 3526 vtae,
409 3467 576 3535 subjirngituu
600 3472 669 3518 Στῆσι
690 3461 711 3514 o'
759 3466 808 3537 legi
822 3466 875 3520 vult
887 3470 1035 3533 Lambinus,
1045 3483 1070 3524 et
1079 3473 1248 3544 recepitfiro-

214 3535 287 3594 ,aym
309 3534 333 3582 ἵν’
353 3534 467 3584 Ἀθηναίων
490 3537 564 3590 tcum
588 3538 710 3598 φάλαγγες.
759 3536 858 3588 novius.

221 3599 298 3651 Hunc
316 3599 394 3668 iplirm
416 3601 510 3652 versum
528 3601 631 3670 quidam
643 3600 710 3669 apud
793 3623 838 3669 41.
864 3599 931 3676 apud
949 3607 1098 3674 Ciceronem]
1129 3607 1169 3662 De
1189 3609 1245 3664 Seu.

191 3701 195 3710 ·
221 3667 384 3720 Plutarchum
413 3681 437 3720 et
466 3671 602 3736 Diogenem
632 3670 707 3720 Laer-
759 3689 782 3725 c.
799 3693 822 3738 3.
837 3687 874 3744 pt.
894 3677 1000 3740 Deinde,
1012 3693 1098 3730 contra
1109 3680 1245 3732 Catilinam

222 3738 286 3788 tium
305 3757 319 3790 a
337 3739 423 3790 Solone
439 3739 586 3808 suppositum
600 3739 708 3790 Homero
757 3741 826 3794 locus
846 3744 879 3795 est
901 3763 925 3808 3,
948 3749 961 3795 8
984 3759 1008 3798 et
1027 3768 1052 3814 9.
1078 3765 1122 3817 pro
1140 3749 1246 3820 Ligario
1296 3793 1299 3800 .

220 3817 320 3926 furunt,
340 3825 404 3876 quos
424 3807 519 3869 laudat,
539 3825 567 3860 ac
587 3809 708 3876 Diogenis
757 3817 916 3864 artenao.
943 3815 974 3866 ln
991 3831 1043 3884 quo
1056 3817 1156 3885 quidem
1175 3823 1245 3873 aliter

230 3891 303 3928 ocum
315 3879 410 3930 erudite
418 3879 535 3946 explicat,
546 3889 580 3938 et,
593 3893 649 3944 quae
665 3877 707 3927 alii
756 3881 824 3934 sensit
839 3883 969 3945 Lucanus,
982 3885 1059 3938 nobili
1078 3885 1120 3938 illo
1136 3889 1203 3942 versu
1218 3905 1242 3950 r,

221 3959 312 3996 veteres
323 3947 354 3998 de
365 3947 432 3998 hoci
452 3947 475 3998 so
486 3946 555 4010 versu
563 3957 588 3998 et
599 3947 644 3996 hac
658 3947 706 3998 his·
760 3955 818 4002 128.
849 3951 945 4005 Victrix
965 3953 1045 4022 cauffo
1065 3954 1120 4007 Diis
1139 3957 1243 4024 pluunt,
1320 3973 1322 3980 ’

220 4013 285 4064 toria
296 4015 413 4076 dixerint,
442 4028 505 4076 ocet,
518 4017 614 4086 Regius
633 4015 707 4066 inrer—
748 4019 985 4088 stdvittaCa'toni.
1015 4024 1087 4074 Addi
1098 4037 1193 4094 poterat
1206 4030 1243 4081 in-

221 4099 286 4148 pres‚
306 4084 362 4136 Rex
378 4087 569 4137 Homericorum
588 4085 706 4155 interpre-
756 4087 829 4157 signis
848 4089 916 4141 locus
937 4109 982 4160 pro
994 4092 1086 4144 Milon·
1099 4112 1122 4145 c.
1137 4113 1179 4158 3¹·
1198 4098 1245 4148 ubi

221 4161 286 4210 turn,
298 4153 394 4204 Samuel
406 4153 506 4205 Clarke.
756 4157 842 4209 divino
860 4159 958 4210 consilio
977 4173 1002 4211 et
1022 4161 1136 4216 instinllu
1153 4166 1244 4236 periisse

209 4249 212 4258 ·
236 4235 301 4280 ⁴4¹·
322 4221 372 4271 Ubi
386 4221 472 4288 amici]
492 4222 576 4274 Plaut.
595 4223 705 4274 Trucul.
757 4225 876 4280 Clodium
888 4229 1022 4282 contendit.
1213 4231 1221 4248 ⁰

220 4301 248 4350 4,
261 4304 287 4350 4,
304 4307 344 4354 3²·
369 4291 457 4344 Veram
473 4293 505 4363 est
521 4292 637 4353 mertum,
648 4293 711 4362 quod

770 4383 793 4428 x
810 4383 829 4433 2
