<?xml version="1.0" encoding="UTF-8"?>
<!DOCTYPE html PUBLIC "-//W3C//DTD XHTML 1.0 Transitional//EN"
    "http://www.w3.org/TR/xhtml1/DTD/xhtml1-transitional.dtd">
<html xmlns="http://www.w3.org/1999/xhtml" xml:lang="en" lang="en">
 <head>
  <title>
</title>
<meta http-equiv="Content-Type" content="text/html;charset=utf-8" />
  <meta name='ocr-system' content='tesseract 3.04.00' />
  <meta name='ocr-capabilities' content='ocr_page ocr_carea ocr_par ocr_line ocrx_word'/>
</head>
<body>
  <div class='ocr_page' id='page_1' title='image "./mfabiiquinctili00quingoog_0327.png"; bbox 0 0 3000 4908; ppageno 0'>
   <div class='ocr_carea' id='block_1_1' title="bbox 395 409 1226 498">
    <p class='ocr_par' dir='ltr' id='par_1_1' title="bbox 395 409 1226 498">
     <span class='ocr_line' id='line_1_1' title="bbox 395 409 1226 498; baseline 0.004 -22"><span class='ocrx_word' id='word_1_1' title='bbox 395 409 449 476; x_wconf 87' lang='grc' dir='ltr'>ΙΝ</span> <span class='ocrx_word' id='word_1_2' title='bbox 454 409 564 478; x_wconf 82' lang='lat' dir='ltr'><strong>STIT.</strong></span> <span class='ocrx_word' id='word_1_3' title='bbox 584 409 790 476; x_wconf 86' lang='lat' dir='ltr'>ORATOR.</span> <span class='ocrx_word' id='word_1_4' title='bbox 812 411 893 474; x_wconf 91' lang='lat' dir='ltr'>LiB.</span> <span class='ocrx_word' id='word_1_5' title='bbox 913 411 1023 476; x_wconf 59' lang='lat' dir='ltr'>Vsio.</span> <span class='ocrx_word' id='word_1_6' title='bbox 1164 415 1226 498; x_wconf 59' lang='lat'>§75</span> 
     </span>
    </p>
   </div>
   <div class='ocr_carea' id='block_1_2' title="bbox 146 576 1291 1176">
    <p class='ocr_par' dir='ltr' id='par_1_2' title="bbox 197 576 1242 664">
     <span class='ocr_line' id='line_1_2' title="bbox 197 576 1242 664; baseline 0.004 -19"><span class='ocrx_word' id='word_1_7' title='bbox 197 577 268 646; x_wconf 87' lang='lat' dir='ltr'>uti:</span> <span class='ocrx_word' id='word_1_8' title='bbox 290 587 329 644; x_wconf 84' lang='lat' dir='ltr'>ut</span> <span class='ocrx_word' id='word_1_9' title='bbox 348 577 471 644; x_wconf 83' lang='lat' dir='ltr'>fortaiie</span> <span class='ocrx_word' id='word_1_10' title='bbox 492 593 606 664; x_wconf 75' lang='lat' dir='ltr'>corpus</span> <span class='ocrx_word' id='word_1_11' title='bbox 627 576 759 658; x_wconf 88' lang='lat' dir='ltr'>vulsum,</span> <span class='ocrx_word' id='word_1_12' title='bbox 773 576 907 654; x_wconf 58' lang='lat' dir='ltr'>fractum</span> <span class='ocrx_word' id='word_1_13' title='bbox 928 577 1091 659; x_wconf 86' lang='lat' dir='ltr'>incciium,</span> <span class='ocrx_word' id='word_1_14' title='bbox 1106 581 1242 650; x_wconf 72' lang='lat' dir='ltr'>vestem</span> 
     </span>
    </p>

    <p class='ocr_par' dir='ltr' id='par_1_3' title="bbox 173 659 1220 752">
     <span class='ocr_line' id='line_1_3' title="bbox 173 659 1220 752; baseline 0.004 -24"><span class='ocrx_word' id='word_1_15' title='bbox 173 663 175 668; x_wconf 67' lang='grc'><strong>’</strong></span> <span class='ocrx_word' id='word_1_16' title='bbox 197 659 400 742; x_wconf 77' lang='lat' dir='ltr'><strong>muliebrem,</strong></span> <span class='ocrx_word' id='word_1_17' title='bbox 415 663 555 728; x_wconf 78' lang='lat' dir='ltr'>dixeritn</span> <span class='ocrx_word' id='word_1_18' title='bbox 581 663 687 727; x_wconf 87' lang='lat' dir='ltr'>mollis</span> <span class='ocrx_word' id='word_1_19' title='bbox 709 675 755 726; x_wconf 87' lang='lat' dir='ltr'>et·</span> <span class='ocrx_word' id='word_1_20' title='bbox 788 685 876 727; x_wconf 87' lang='lat' dir='ltr'>arum</span> <span class='ocrx_word' id='word_1_21' title='bbox 900 663 957 727; x_wconf 88' lang='lat' dir='ltr'>viri</span> <span class='ocrx_word' id='word_1_22' title='bbox 981 664 1220 752; x_wconf 80' lang='lat' dir='ltr'>figna,s1⁰cui,</span> 
     </span>
    </p>

    <p class='ocr_par' dir='ltr' id='par_1_4' title="bbox 202 747 1221 836">
     <span class='ocr_line' id='line_1_4' title="bbox 202 747 1221 836; baseline 0.004 -24"><span class='ocrx_word' id='word_1_23' title='bbox 202 758 290 832; x_wconf 90' lang='lat' dir='ltr'>(cum</span> <span class='ocrx_word' id='word_1_24' title='bbox 305 751 324 814; x_wconf 89' lang='lat' dir='ltr'>fi</span> <span class='ocrx_word' id='word_1_25' title='bbox 372 772 427 813; x_wconf 91' lang='lat' dir='ltr'>um</span> <span class='ocrx_word' id='word_1_26' title='bbox 442 749 474 813; x_wconf 88' lang='lat' dir='ltr'>id</span> <span class='ocrx_word' id='word_1_27' title='bbox 489 749 614 836; x_wconf 83' lang='lat' dir='ltr'>&#39;proprie</span> <span class='ocrx_word' id='word_1_28' title='bbox 629 750 674 826; x_wconf 84' lang='lat' dir='ltr'>fit,</span> <span class='ocrx_word' id='word_1_29' title='bbox 687 769 751 833; x_wconf 91' lang='lat' dir='ltr'>quo</span> <span class='ocrx_word' id='word_1_30' title='bbox 789 769 828 810; x_wconf 88' lang='lat' dir='ltr'>ex</span> <span class='ocrx_word' id='word_1_31' title='bbox 842 769 892 828; x_wconf 86' lang='lat' dir='ltr'>eo,</span> <span class='ocrx_word' id='word_1_32' title='bbox 909 747 949 812; x_wconf 90' lang='lat' dir='ltr'>de</span> <span class='ocrx_word' id='word_1_33' title='bbox 971 770 1035 835; x_wconf 91' lang='lat' dir='ltr'>quo</span> <span class='ocrx_word' id='word_1_34' title='bbox 1056 751 1221 834; x_wconf 83' lang='lat' dir='ltr'>quaeritur,</span> 
     </span>
    </p>

    <p class='ocr_par' dir='ltr' id='par_1_5' title="bbox 198 767 1222 920">
     <span class='ocr_line' id='line_1_5' title="bbox 198 767 1222 920; baseline 0.006 -24"><span class='ocrx_word' id='word_1_35' title='bbox 198 849 310 898; x_wconf 83' lang='lat' dir='ltr'>natum</span> <span class='ocrx_word' id='word_1_36' title='bbox 325 767 382 899; x_wconf 66' lang='lat' dir='ltr'>lib</span> <span class='ocrx_word' id='word_1_37' title='bbox 398 835 507 899; x_wconf 86' lang='lat' dir='ltr'>oculos</span> <span class='ocrx_word' id='word_1_38' title='bbox 522 833 621 915; x_wconf 77' lang='lat' dir='ltr'>venit)</span> <span class='ocrx_word' id='word_1_39' title='bbox 638 847 676 896; x_wconf 89' lang='lat' dir='ltr'>ut</span> <span class='ocrx_word' id='word_1_40' title='bbox 688 833 814 920; x_wconf 83' lang='lat' dir='ltr'>i&#39;nnguis</span> <span class='ocrx_word' id='word_1_41' title='bbox 828 854 847 897; x_wconf 89' lang='lat' dir='ltr'>e</span> <span class='ocrx_word' id='word_1_42' title='bbox 860 833 957 912; x_wconf 81' lang='lat' dir='ltr'>caede,</span> <span class='ocrx_word' id='word_1_43' title='bbox 973 833 1018 896; x_wconf 81' lang='lat' dir='ltr'>ito¹</span> <span class='ocrx_word' id='word_1_44' title='bbox 1037 834 1092 898; x_wconf 84' lang='lat' dir='ltr'>ilia</span> <span class='ocrx_word' id='word_1_45' title='bbox 1105 857 1145 899; x_wconf 87' lang='lat' dir='ltr'>ex</span> <span class='ocrx_word' id='word_1_46' title='bbox 1159 839 1222 902; x_wconf 91' lang='lat' dir='ltr'>im·</span> 
     </span>
    </p>

    <p class='ocr_par' dir='ltr' id='par_1_6' title="bbox 146 918 1291 1008">
     <span class='ocr_line' id='line_1_6' title="bbox 146 918 1291 1008; baseline 0.005 -28"><span class='ocrx_word' id='word_1_47' title='bbox 146 929 185 1000; x_wconf 83' lang='lat'>15</span> <span class='ocrx_word' id='word_1_48' title='bbox 199 919 354 1006; x_wconf 83' lang='lat' dir='ltr'>pudicitia</span> <span class='ocrx_word' id='word_1_49' title='bbox 378 920 482 984; x_wconf 87' lang='lat' dir='ltr'>iluere&#39;</span> <span class='ocrx_word' id='word_1_50' title='bbox 497 918 674 984; x_wconf 84' lang='lat' dir='ltr'>videantur.</span> <span class='ocrx_word' id='word_1_51' title='bbox 717 919 766 980; x_wconf 85' lang='lat' dir='ltr'>Ea</span> <span class='ocrx_word' id='word_1_52' title='bbox 789 939 930 1005; x_wconf 90' lang='lat' dir='ltr'>quoque,</span> <span class='ocrx_word' id='word_1_53' title='bbox 949 941 1032 1004; x_wconf 89' lang='lat' dir='ltr'>quae,</span> <span class='ocrx_word' id='word_1_54' title='bbox 1053 919 1129 1006; x_wconf 87' lang='lat' dir='ltr'>quia</span> <span class='ocrx_word' id='word_1_55' title='bbox 1153 923 1223 1008; x_wconf 87' lang='lat' dir='ltr'>ple·</span> <span class='ocrx_word' id='word_1_56' title='bbox 1290 935 1291 941; x_wconf 78' lang='grc'>’</span> 
     </span>
    </p>

    <p class='ocr_par' dir='ltr' id='par_1_7' title="bbox 197 1001 1223 1176">
     <span class='ocr_line' id='line_1_7' title="bbox 198 1001 1223 1154; baseline 0.003 -86"><span class='ocrx_word' id='word_1_57' title='bbox 198 1025 333 1154; x_wconf 48' lang='lat' dir='ltr'>rumano</span> <span class='ocrx_word' id='word_1_58' title='bbox 346 1004 517 1070; x_wconf 82' lang='lat' dir='ltr'>&#39;observata</span> <span class='ocrx_word' id='word_1_59' title='bbox 540 1003 622 1084; x_wconf 84' lang='lat' dir='ltr'>sunt,</span> <span class='ocrx_word' id='word_1_60' title='bbox 650 1002 750 1089; x_wconf 84' lang='lat' dir='ltr'>vulgo</span> <span class='ocrx_word' id='word_1_61' title='bbox 773 1001 860 1090; x_wconf 85' lang='lat' dir='ltr'>ligna</span> <span class='ocrx_word' id='word_1_62' title='bbox 882 1002 1065 1086; x_wconf 86' lang='lat' dir='ltr'>creduntur,</span> <span class='ocrx_word' id='word_1_63' title='bbox 1090 1019 1133 1070; x_wconf 70' lang='lat' dir='ltr'>ut=</span> <span class='ocrx_word' id='word_1_64' title='bbox 1149 1029 1223 1094; x_wconf 88' lang='lat' dir='ltr'>pro-</span> 
     </span>
     <span class='ocr_line' id='line_1_8' title="bbox 197 1103 920 1176; baseline 0.004 -24"><span class='ocrx_word' id='word_1_65' title='bbox 197 1111 265 1176; x_wconf 87' lang='lat' dir='ltr'>gno</span> <span class='ocrx_word' id='word_1_66' title='bbox 289 1111 340 1156; x_wconf 88' lang='lat' dir='ltr'>1ca</span> <span class='ocrx_word' id='word_1_67' title='bbox 349 1103 389 1171; x_wconf 72' lang='lat'>1³,</span> <span class='ocrx_word' id='word_1_68' title='bbox 918 1111 920 1116; x_wconf 81' lang='grc'><strong>’</strong></span> 
     </span>
    </p>
   </div>
   <div class='ocr_carea' id='block_1_3' title="bbox 366 1193 930 1308">
    <p class='ocr_par' dir='ltr' id='par_1_8' title="bbox 366 1193 930 1308">
     <span class='ocr_line' id='line_1_9' title="bbox 366 1193 930 1308; baseline 0.007 -24"><span class='ocrx_word' id='word_1_69' title='bbox 366 1237 581 1292; x_wconf 43' lang='lat' dir='ltr'>„vento</span> <span class='ocrx_word' id='word_1_70' title='bbox 594 1193 680 1288; x_wconf 82' lang='lat' dir='ltr'><em>rubet</em></span> <span class='ocrx_word' id='word_1_71' title='bbox 693 1248 784 1288; x_wconf 81' lang='lat' dir='ltr'><em>annea</em></span> <span class='ocrx_word' id='word_1_72' title='bbox 798 1225 908 1290; x_wconf 79' lang='lat' dir='ltr'><em>Phoebe</em></span> <span class='ocrx_word' id='word_1_73' title='bbox 919 1242 930 1308; x_wconf 77' lang='lat'>3</span> 
     </span>
    </p>
   </div>
   <div class='ocr_carea' id='block_1_4' title="bbox 155 1337 958 1564">
    <p class='ocr_par' dir='ltr' id='par_1_9' title="bbox 155 1337 958 1564">
     <span class='ocr_line' id='line_1_10' title="bbox 155 1337 252 1424; baseline 0 -16"><span class='ocrx_word' id='word_1_74' title='bbox 155 1337 159 1352; x_wconf 81' lang='lat'>&#39;</span> <span class='ocrx_word' id='word_1_75' title='bbox 198 1345 252 1424; x_wconf 82' lang='lat' dir='ltr'>Et,</span> 
     </span>
     <span class='ocr_line' id='line_1_11' title="bbox 244 1469 958 1564; baseline 0.001 -23"><span class='ocrx_word' id='word_1_76' title='bbox 244 1475 354 1542; x_wconf 78' lang='lat' dir='ltr'>Cornix</span> <span class='ocrx_word' id='word_1_77' title='bbox 363 1475 455 1564; x_wconf 85' lang='lat' dir='ltr'>pleno</span> <span class='ocrx_word' id='word_1_78' title='bbox 467 1469 606 1564; x_wconf 83' lang='lat' dir='ltr'>pluviam</span> <span class='ocrx_word' id='word_1_79' title='bbox 620 1485 707 1540; x_wconf 85' lang='lat' dir='ltr'>vocat</span> <span class='ocrx_word' id='word_1_80' title='bbox 721 1475 852 1564; x_wconf 79' lang='lat' dir='ltr'>improba</span> <span class='ocrx_word' id='word_1_81' title='bbox 865 1499 934 1542; x_wconf 87' lang='lat' dir='ltr'>noce</span> <span class='ocrx_word' id='word_1_82' title='bbox 948 1502 958 1556; x_wconf 82' lang='lat'><em>3</em></span> 
     </span>
    </p>
   </div>
   <div class='ocr_carea' id='block_1_5' title="bbox 145 1597 1295 3468">
    <p class='ocr_par' dir='ltr' id='par_1_10' title="bbox 145 1597 1295 3468">
     <span class='ocr_line' id='line_1_12' title="bbox 200 1597 1224 1689; baseline 0.006 -24"><span class='ocrx_word' id='word_1_83' title='bbox 200 1599 222 1666; x_wconf 80' lang='lat' dir='ltr'>fi</span> <span class='ocrx_word' id='word_1_84' title='bbox 245 1598 362 1664; x_wconf 75' lang='lat' dir='ltr'>caussas</span> <span class='ocrx_word' id='word_1_85' title='bbox 385 1619 425 1662; x_wconf 89' lang='lat' dir='ltr'>ex</span> <span class='ocrx_word' id='word_1_86' title='bbox 449 1597 603 1685; x_wconf 78' lang='lat' dir='ltr'>qualitate</span> <span class='ocrx_word' id='word_1_87' title='bbox 622 1599 694 1662; x_wconf 85' lang='lat' dir='ltr'>coeli</span> <span class='ocrx_word' id='word_1_88' title='bbox 710 1597 853 1680; x_wconf 87' lang='lat' dir='ltr'>trahunt,</span> <span class='ocrx_word' id='word_1_89' title='bbox 868 1600 939 1664; x_wconf 87' lang='lat' dir='ltr'>sane</span> <span class='ocrx_word' id='word_1_90' title='bbox 957 1601 1002 1665; x_wconf 85' lang='lat' dir='ltr'>ita</span> <span class='ocrx_word' id='word_1_91' title='bbox 1016 1601 1224 1689; x_wconf 58' lang='lat' dir='ltr'>appellentur.</span> 
     </span>
     <span class='ocr_line' id='line_1_13' title="bbox 149 1683 1226 1772; baseline 0.007 -26"><span class='ocrx_word' id='word_1_92' title='bbox 149 1683 189 1747; x_wconf 90' lang='lat'>16</span> <span class='ocrx_word' id='word_1_93' title='bbox 201 1687 300 1762; x_wconf 83' lang='lat' dir='ltr'>Nom,</span> <span class='ocrx_word' id='word_1_94' title='bbox 309 1685 334 1747; x_wconf 29' lang='lat' dir='ltr'>*fi</span> <span class='ocrx_word' id='word_1_95' title='bbox 350 1699 446 1748; x_wconf 88' lang='lat' dir='ltr'>vento</span> <span class='ocrx_word' id='word_1_96' title='bbox 457 1684 556 1751; x_wconf 82' lang='lat' dir='ltr'>rubet</span> <span class='ocrx_word' id='word_1_97' title='bbox 569 1687 670 1763; x_wconf 84' lang='lat' dir='ltr'>Luna,</span> <span class='ocrx_word' id='word_1_98' title='bbox 685 1684 810 1770; x_wconf 82' lang='lat' dir='ltr'>fignum</span> <span class='ocrx_word' id='word_1_99' title='bbox 825 1687 911 1749; x_wconf 81' lang='lat' dir='ltr'>tenti</span> <span class='ocrx_word' id='word_1_100' title='bbox 927 1688 969 1750; x_wconf 83' lang='lat' dir='ltr'>eil</span> <span class='ocrx_word' id='word_1_101' title='bbox 983 1689 1089 1752; x_wconf 87' lang='lat' dir='ltr'>rubor.</span> <span class='ocrx_word' id='word_1_102' title='bbox 1134 1693 1178 1754; x_wconf 85' lang='lat' dir='ltr'>Et</span> <span class='ocrx_word' id='word_1_103' title='bbox 1192 1693 1226 1772; x_wconf 88' lang='lat' dir='ltr'>fi,</span> 
     </span>
     <span class='ocr_line' id='line_1_14' title="bbox 201 1767 1228 1856; baseline 0.005 -20"><span class='ocrx_word' id='word_1_104' title='bbox 201 1783 240 1836; x_wconf 91' lang='lat' dir='ltr'>ut</span> <span class='ocrx_word' id='word_1_105' title='bbox 255 1770 341 1833; x_wconf 91' lang='lat' dir='ltr'>idem</span> <span class='ocrx_word' id='word_1_106' title='bbox 355 1779 449 1855; x_wconf 85' lang='lat' dir='ltr'>poeta</span> <span class='ocrx_word' id='word_1_107' title='bbox 463 1767 599 1856; x_wconf 83' lang='lat' dir='ltr'>colligit,</span> <span class='ocrx_word' id='word_1_108' title='bbox 615 1767 761 1832; x_wconf 85' lang='lat' dir='ltr'>densatus</span> <span class='ocrx_word' id='word_1_109' title='bbox 775 1781 809 1832; x_wconf 88' lang='lat' dir='ltr'>et</span> <span class='ocrx_word' id='word_1_110' title='bbox 829 1767 951 1836; x_wconf 82' lang='lat' dir='ltr'>laxatus</span> <span class='ocrx_word' id='word_1_111' title='bbox 964 1791 1016 1835; x_wconf 85' lang='lat' dir='ltr'>aer</span> <span class='ocrx_word' id='word_1_112' title='bbox 1030 1771 1117 1853; x_wconf 80' lang='lat' dir='ltr'>facit,</span> <span class='ocrx_word' id='word_1_113' title='bbox 1133 1787 1171 1839; x_wconf 86' lang='lat' dir='ltr'>ut</span> <span class='ocrx_word' id='word_1_114' title='bbox 1191 1777 1228 1841; x_wconf 85' lang='lat' dir='ltr'>fit</span> 
     </span>
     <span class='ocr_line' id='line_1_15' title="bbox 200 1852 1228 1932; baseline 0.004 -11"><span class='ocrx_word' id='word_1_115' title='bbox 200 1855 277 1921; x_wconf 88' lang='lat' dir='ltr'>inde</span> <span class='ocrx_word' id='word_1_116' title='bbox 299 1853 351 1918; x_wconf 88' lang='lat' dir='ltr'>ille</span> <span class='ocrx_word' id='word_1_117' title='bbox 376 1853 481 1918; x_wconf 81' lang='lat' dir='ltr'>avium</span> <span class='ocrx_word' id='word_1_118' title='bbox 504 1863 665 1932; x_wconf 78' lang='lat' dir='ltr'><em>concentus,</em></span> <span class='ocrx_word' id='word_1_119' title='bbox 681 1853 767 1917; x_wconf 87' lang='lat' dir='ltr'>idem</span> <span class='ocrx_word' id='word_1_120' title='bbox 787 1852 969 1920; x_wconf 73' lang='lat' dir='ltr'>sentiemut.</span> <span class='ocrx_word' id='word_1_121' title='bbox 1014 1858 1097 1923; x_wconf 89' lang='lat' dir='ltr'>Sunt</span> <span class='ocrx_word' id='word_1_122' title='bbox 1120 1871 1228 1925; x_wconf 83' lang='lat' dir='ltr'>autem</span> 
     </span>
     <span class='ocr_line' id='line_1_16' title="bbox 202 1939 1224 2029; baseline 0.004 -23"><span class='ocrx_word' id='word_1_123' title='bbox 202 1943 289 2029; x_wconf 73' lang='lat' dir='ltr'>igno</span> <span class='ocrx_word' id='word_1_124' title='bbox 311 1939 409 2004; x_wconf 84' lang='lat' dir='ltr'>etiam</span> <span class='ocrx_word' id='word_1_125' title='bbox 435 1959 531 2026; x_wconf 83' lang='lat' dir='ltr'>parva</span> <span class='ocrx_word' id='word_1_126' title='bbox 555 1953 759 2026; x_wconf 84' lang='lat' dir='ltr'>magnorum,</span> <span class='ocrx_word' id='word_1_127' title='bbox 782 1953 821 2003; x_wconf 90' lang='lat' dir='ltr'>ut</span> <span class='ocrx_word' id='word_1_128' title='bbox 844 1941 893 2004; x_wconf 89' lang='lat' dir='ltr'>vel</span> <span class='ocrx_word' id='word_1_129' title='bbox 913 1941 984 2005; x_wconf 85' lang='lat' dir='ltr'>haec</span> <span class='ocrx_word' id='word_1_130' title='bbox 1009 1941 1073 2028; x_wconf 86' lang='lat' dir='ltr'>ipsa</span> <span class='ocrx_word' id='word_1_131' title='bbox 1095 1946 1224 2010; x_wconf 81' lang='lat' dir='ltr'>cornix:</span> 
     </span>
     <span class='ocr_line' id='line_1_17' title="bbox 201 2023 1182 2112; baseline 0.001 -22"><span class='ocrx_word' id='word_1_132' title='bbox 201 2049 289 2107; x_wconf 85' lang='lat' dir='ltr'>nam,</span> <span class='ocrx_word' id='word_1_133' title='bbox 304 2023 594 2112; x_wconf 85' lang='lat' dir='ltr'>majoraminorum</span> <span class='ocrx_word' id='word_1_134' title='bbox 609 2024 680 2102; x_wconf 84' lang='lat' dir='ltr'>eise,</span> <span class='ocrx_word' id='word_1_135' title='bbox 696 2041 792 2086; x_wconf 89' lang='lat' dir='ltr'>nemo</span> <span class='ocrx_word' id='word_1_136' title='bbox 806 2025 950 2090; x_wconf 84' lang='lat' dir='ltr'>miratur.</span> <span class='ocrx_word' id='word_1_137' title='bbox 1080 2029 1084 2038; x_wconf 88' lang='lat'>&#39;</span> <span class='ocrx_word' id='word_1_138' title='bbox 1181 2097 1182 2104; x_wconf 8' lang='grc' dir='ltr'>χ</span> 
     </span>
     <span class='ocr_line' id='line_1_18' title="bbox 246 2109 1270 2196; baseline 0.001 -20"><span class='ocrx_word' id='word_1_139' title='bbox 246 2113 289 2176; x_wconf 90' lang='grc' dir='ltr'>Χ.</span> <span class='ocrx_word' id='word_1_140' title='bbox 325 2111 424 2174; x_wconf 89' lang='lat' dir='ltr'>Nunc</span> <span class='ocrx_word' id='word_1_141' title='bbox 453 2110 489 2172; x_wconf 86' lang='lat' dir='ltr'>de</span> <span class='ocrx_word' id='word_1_142' title='bbox 517 2109 709 2196; x_wconf 80' lang='lat' dir='ltr'>argumentis.</span> <span class='ocrx_word' id='word_1_143' title='bbox 760 2109 834 2174; x_wconf 89' lang='lat' dir='ltr'>Hoc</span> <span class='ocrx_word' id='word_1_144' title='bbox 862 2111 947 2174; x_wconf 91' lang='lat' dir='ltr'>enim</span> <span class='ocrx_word' id='word_1_145' title='bbox 977 2111 1107 2175; x_wconf 85' lang='lat' dir='ltr'>nomine</span> <span class='ocrx_word' id='word_1_146' title='bbox 1136 2133 1226 2178; x_wconf 51' lang='lat' dir='ltr'>com*</span> <span class='ocrx_word' id='word_1_147' title='bbox 1268 2141 1270 2145; x_wconf 94' lang='lat'>·</span> 
     </span>
     <span class='ocr_line' id='line_1_19' title="bbox 202 2192 1241 2282; baseline 0.001 -22"><span class='ocrx_word' id='word_1_148' title='bbox 202 2196 373 2282; x_wconf 72' lang='lat' dir='ltr'>pleilimur</span> <span class='ocrx_word' id='word_1_149' title='bbox 402 2193 521 2273; x_wconf 85' lang='lat' dir='ltr'>omnia,</span> <span class='ocrx_word' id='word_1_150' title='bbox 550 2217 623 2280; x_wconf 87' lang='lat' dir='ltr'>quae</span> <span class='ocrx_word' id='word_1_151' title='bbox 637 2192 760 2257; x_wconf 82' lang='lat' dir='ltr'>&#39;Graeoi</span> <span class='ocrx_word' id='word_1_152' title='bbox 789 2195 988 2278; x_wconf 64' lang='lat' dir='ltr'>incontinent,</span> <span class='ocrx_word' id='word_1_153' title='bbox 1011 2194 1241 2280; x_wconf 58' lang='lat' dir='ltr'>inexaminata„</span> 
     </span>
     <span class='ocr_line' id='line_1_20' title="bbox 203 2275 1229 2366; baseline 0.002 -24"><span class='ocrx_word' id='word_1_154' title='bbox 203 2281 350 2360; x_wconf 71' lang='grc' dir='ltr'>ἀποδείξεις</span> <span class='ocrx_word' id='word_1_155' title='bbox 367 2275 503 2344; x_wconf 83' lang='lat' dir='ltr'>vocant:</span> <span class='ocrx_word' id='word_1_156' title='bbox 527 2297 721 2366; x_wconf 88' lang='lat' dir='ltr'>quamquam</span> <span class='ocrx_word' id='word_1_157' title='bbox 737 2276 822 2364; x_wconf 86' lang='lat' dir='ltr'>apud</span> <span class='ocrx_word' id='word_1_158' title='bbox 835 2276 908 2340; x_wconf 81' lang='lat' dir='ltr'>illos</span> <span class='ocrx_word' id='word_1_159' title='bbox 927 2275 969 2338; x_wconf 83' lang='lat' dir='ltr'>est</span> <span class='ocrx_word' id='word_1_160' title='bbox 985 2276 1091 2362; x_wconf 81' lang='lat' dir='ltr'>aliqua</span> <span class='ocrx_word' id='word_1_161' title='bbox 1112 2277 1229 2344; x_wconf 87' lang='lat' dir='ltr'>horum</span> 
     </span>
     <span class='ocr_line' id='line_1_21' title="bbox 202 2360 1229 2444; baseline 0.003 -20"><span class='ocrx_word' id='word_1_162' title='bbox 202 2364 370 2428; x_wconf 87' lang='lat' dir='ltr'>nominum</span> <span class='ocrx_word' id='word_1_163' title='bbox 382 2363 570 2444; x_wconf 83' lang='lat' dir='ltr'>differentia,</span> <span class='ocrx_word' id='word_1_164' title='bbox 584 2363 704 2428; x_wconf 76' lang='lat' dir='ltr'>etiamst</span> <span class='ocrx_word' id='word_1_165' title='bbox 727 2363 774 2427; x_wconf 92' lang='lat' dir='ltr'>vis</span> <span class='ocrx_word' id='word_1_166' title='bbox 783 2399 786 2406; x_wconf 92' lang='lat'>·</span> <span class='ocrx_word' id='word_1_167' title='bbox 795 2361 909 2426; x_wconf 91' lang='lat' dir='ltr'>eodem</span> <span class='ocrx_word' id='word_1_168' title='bbox 923 2360 988 2442; x_wconf 87' lang='lat' dir='ltr'>fere</span> <span class='ocrx_word' id='word_1_169' title='bbox 1003 2361 1117 2426; x_wconf 87' lang='lat' dir='ltr'>tendit.</span> <span class='ocrx_word' id='word_1_170' title='bbox 1142 2363 1229 2427; x_wconf 87' lang='lat' dir='ltr'>Nam</span> 
     </span>
     <span class='ocr_line' id='line_1_22' title="bbox 201 2446 1229 2533; baseline 0.004 -25"><span class='ocrx_word' id='word_1_171' title='bbox 201 2447 382 2533; x_wconf 82' lang='lat' dir='ltr'><em>enthymema</em></span> <span class='ocrx_word' id='word_1_172' title='bbox 399 2447 498 2533; x_wconf 87' lang='lat' dir='ltr'>(quod</span> <span class='ocrx_word' id='word_1_173' title='bbox 512 2469 569 2512; x_wconf 87' lang='lat' dir='ltr'>nos</span> <span class='ocrx_word' id='word_1_174' title='bbox 589 2449 774 2518; x_wconf 69' lang='lat' dir='ltr'>commentam</span> <span class='ocrx_word' id='word_1_175' title='bbox 794 2446 878 2523; x_wconf 83' lang='lat' dir='ltr'>sane,</span> <span class='ocrx_word' id='word_1_176' title='bbox 893 2458 948 2510; x_wconf 79' lang='lat' dir='ltr'>aut</span> <span class='ocrx_word' id='word_1_177' title='bbox 969 2447 1229 2512; x_wconf 83' lang='lat' dir='ltr'>commentationem</span> 
     </span>
     <span class='ocr_line' id='line_1_23' title="bbox 145 2529 1230 2618; baseline 0.004 -25"><span class='ocrx_word' id='word_1_178' title='bbox 145 2547 147 2551; x_wconf 56' lang='lat'><em>⁴</em></span> <span class='ocrx_word' id='word_1_179' title='bbox 202 2529 457 2618; x_wconf 82' lang='lat' dir='ltr'>interpretamur,</span> <span class='ocrx_word' id='word_1_180' title='bbox 480 2532 556 2618; x_wconf 84' lang='lat' dir='ltr'>quia</span> <span class='ocrx_word' id='word_1_181' title='bbox 580 2533 672 2596; x_wconf 85' lang='lat' dir='ltr'>aliter</span> <span class='ocrx_word' id='word_1_182' title='bbox 695 2553 759 2596; x_wconf 89' lang='lat' dir='ltr'>non</span> <span class='ocrx_word' id='word_1_183' title='bbox 784 2529 954 2616; x_wconf 84' lang='lat' dir='ltr'>poiiumus,</span> <span class='ocrx_word' id='word_1_184' title='bbox 978 2533 1092 2595; x_wconf 82' lang='lat' dir='ltr'>Graeco</span> <span class='ocrx_word' id='word_1_185' title='bbox 1113 2533 1230 2597; x_wconf 82' lang='lat' dir='ltr'>melius</span> 
     </span>
     <span class='ocr_line' id='line_1_24' title="bbox 201 2613 1228 2702; baseline 0.001 -22"><span class='ocrx_word' id='word_1_186' title='bbox 201 2613 289 2682; x_wconf 86' lang='lat' dir='ltr'>usuri</span> <span class='ocrx_word' id='word_1_187' title='bbox 300 2618 327 2694; x_wconf 74' lang='lat' dir='ltr'>q)</span> <span class='ocrx_word' id='word_1_188' title='bbox 351 2639 453 2680; x_wconf 89' lang='lat' dir='ltr'>unum</span> <span class='ocrx_word' id='word_1_189' title='bbox 468 2617 665 2682; x_wconf 69' lang='lat' dir='ltr'>intellectum</span> <span class='ocrx_word' id='word_1_190' title='bbox 681 2617 790 2696; x_wconf 84' lang='lat' dir='ltr'>habet,</span> <span class='ocrx_word' id='word_1_191' title='bbox 806 2633 870 2702; x_wconf 87' lang='lat' dir='ltr'>quo</span> <span class='ocrx_word' id='word_1_192' title='bbox 891 2615 1001 2678; x_wconf 83' lang='lat' dir='ltr'>omnia</span> <span class='ocrx_word' id='word_1_193' title='bbox 1020 2629 1128 2680; x_wconf 88' lang='lat' dir='ltr'>mente</span> <span class='ocrx_word' id='word_1_194' title='bbox 1150 2639 1228 2681; x_wconf 85' lang='lat' dir='ltr'>con·</span> 
     </span>
     <span class='ocr_line' id='line_1_25' title="bbox 202 2699 1227 2790; baseline 0.001 -26"><span class='ocrx_word' id='word_1_195' title='bbox 202 2713 296 2786; x_wconf 87' lang='lat' dir='ltr'>cepta</span> <span class='ocrx_word' id='word_1_196' title='bbox 310 2701 474 2790; x_wconf 84' lang='lat' dir='ltr'>fignificat,</span> <span class='ocrx_word' id='word_1_197' title='bbox 489 2702 542 2766; x_wconf 87' lang='lat' dir='ltr'>sed</span> <span class='ocrx_word' id='word_1_198' title='bbox 556 2715 640 2767; x_wconf 87' lang='lat' dir='ltr'>nunc</span> <span class='ocrx_word' id='word_1_199' title='bbox 655 2701 696 2765; x_wconf 82' lang='lat' dir='ltr'>de</span> <span class='ocrx_word' id='word_1_200' title='bbox 714 2723 752 2764; x_wconf 90' lang='lat' dir='ltr'>eo</span> <span class='ocrx_word' id='word_1_201' title='bbox 767 2711 854 2764; x_wconf 75' lang='lat' dir='ltr'>non‘</span> <span class='ocrx_word' id='word_1_202' title='bbox 876 2699 1056 2786; x_wconf 83' lang='lat' dir='ltr'>loquimur3</span> <span class='ocrx_word' id='word_1_203' title='bbox 1080 2701 1227 2782; x_wconf 87' lang='lat' dir='ltr'>alterum,</span> 
     </span>
     <span class='ocr_line' id='line_1_26' title="bbox 172 2784 1229 2872; baseline -0.003 -18"><span class='ocrx_word' id='word_1_204' title='bbox 172 2799 293 2872; x_wconf 80' lang='lat' dir='ltr'>2quo³</span> <span class='ocrx_word' id='word_1_205' title='bbox 320 2786 507 2852; x_wconf 79' lang='lat' dir='ltr'>sententiam</span> <span class='ocrx_word' id='word_1_206' title='bbox 536 2807 610 2850; x_wconf 90' lang='lat' dir='ltr'>oum</span> <span class='ocrx_word' id='word_1_207' title='bbox 640 2787 783 2864; x_wconf 84' lang='lat' dir='ltr'>ratione3</span> <span class='ocrx_word' id='word_1_208' title='bbox 821 2784 964 2861; x_wconf 86' lang='lat' dir='ltr'>tertium,</span> <span class='ocrx_word' id='word_1_209' title='bbox 993 2797 1079 2870; x_wconf 78' lang='lat' dir='ltr'>quo·³</span> <span class='ocrx_word' id='word_1_210' title='bbox 1109 2799 1229 2852; x_wconf 86' lang='lat' dir='ltr'>certam</span> 
     </span>
     <span class='ocr_line' id='line_1_27' title="bbox 203 2869 1228 2956; baseline 0.001 -22"><span class='ocrx_word' id='word_1_211' title='bbox 203 2869 375 2956; x_wconf 79' lang='lat' dir='ltr'>quamdam</span> <span class='ocrx_word' id='word_1_212' title='bbox 386 2873 566 2956; x_wconf 83' lang='lat' dir='ltr'>argumenti</span> <span class='ocrx_word' id='word_1_213' title='bbox 581 2871 825 2948; x_wconf 68' lang='lat' dir='ltr'>conclusionem,</span> <span class='ocrx_word' id='word_1_214' title='bbox 838 2870 887 2934; x_wconf 83' lang='lat' dir='ltr'>vel</span> <span class='ocrx_word' id='word_1_215' title='bbox 901 2891 940 2932; x_wconf 85' lang='lat' dir='ltr'>ex</span> <span class='ocrx_word' id='word_1_216' title='bbox 951 2869 1228 2954; x_wconf 83' lang='lat' dir='ltr'>consequentibus,</span> 
     </span>
     <span class='ocr_line' id='line_1_28' title="bbox 147 2950 1227 3044; baseline 0.001 -25"><span class='ocrx_word' id='word_1_217' title='bbox 147 3001 151 3004; x_wconf 90' lang='grc'>-</span> <span class='ocrx_word' id='word_1_218' title='bbox 204 2955 254 3020; x_wconf 86' lang='lat' dir='ltr'>vel</span> <span class='ocrx_word' id='word_1_219' title='bbox 268 2977 308 3021; x_wconf 86' lang='lat' dir='ltr'>ex</span> <span class='ocrx_word' id='word_1_220' title='bbox 320 2955 591 3044; x_wconf 75' lang='lat' dir='ltr'>repugnantibus⁸</span> <span class='ocrx_word' id='word_1_221' title='bbox 609 2982 616 3020; x_wconf 75' lang='grc' dir='ltr'><strong>ι</strong></span> <span class='ocrx_word' id='word_1_222' title='bbox 640 2975 834 3042; x_wconf 85' lang='lat' dir='ltr'>quamquam</span> <span class='ocrx_word' id='word_1_223' title='bbox 850 2950 890 3018; x_wconf 77' lang='lat' dir='ltr'>(le</span> <span class='ocrx_word' id='word_1_224' title='bbox 905 2954 969 3016; x_wconf 88' lang='lat' dir='ltr'>hoc</span> <span class='ocrx_word' id='word_1_225' title='bbox 983 2973 1091 3038; x_wconf 85' lang='lat' dir='ltr'>parum</span> <span class='ocrx_word' id='word_1_226' title='bbox 1109 2975 1227 3028; x_wconf 76' lang='lat' dir='ltr'>conve·</span> 
     </span>
     <span class='ocr_line' id='line_1_29' title="bbox 203 3037 1295 3128; baseline 0.002 -24"><span class='ocrx_word' id='word_1_227' title='bbox 203 3040 264 3106; x_wconf 89' lang='lat' dir='ltr'>nit.</span> <span class='ocrx_word' id='word_1_228' title='bbox 309 3041 392 3106; x_wconf 85' lang='lat' dir='ltr'>Sunt</span> <span class='ocrx_word' id='word_1_229' title='bbox 405 3041 503 3120; x_wconf 87' lang='lat' dir='ltr'>enim,</span> <span class='ocrx_word' id='word_1_230' title='bbox 518 3041 581 3128; x_wconf 87' lang='lat' dir='ltr'>qui</span> <span class='ocrx_word' id='word_1_231' title='bbox 596 3040 677 3119; x_wconf 75' lang='lat' dir='ltr'>illud</span> <span class='ocrx_word' id='word_1_232' title='bbox 698 3040 784 3126; x_wconf 89' lang='lat' dir='ltr'>prius</span> <span class='ocrx_word' id='word_1_233' title='bbox 805 3041 980 3126; x_wconf 83' lang='lat' dir='ltr'>epicherema</span> <span class='ocrx_word' id='word_1_234' title='bbox 1000 3037 1130 3105; x_wconf 67' lang='lat' dir='ltr'>dicante</span> <span class='ocrx_word' id='word_1_235' title='bbox 1156 3041 1228 3126; x_wconf 83' lang='lat' dir='ltr'>plu·</span> <span class='ocrx_word' id='word_1_236' title='bbox 1292 3055 1295 3060; x_wconf 82' lang='lat'>&#39;</span> 
     </span>
     <span class='ocr_line' id='line_1_30' title="bbox 202 3119 1230 3212; baseline -0.001 -20"><span class='ocrx_word' id='word_1_237' title='bbox 202 3119 314 3212; x_wconf 81' lang='lat' dir='ltr'>reique</span> <span class='ocrx_word' id='word_1_238' title='bbox 328 3125 468 3191; x_wconf 79' lang='lat' dir='ltr'>invenias</span> <span class='ocrx_word' id='word_1_239' title='bbox 481 3127 515 3192; x_wconf 91' lang='lat' dir='ltr'>in</span> <span class='ocrx_word' id='word_1_240' title='bbox 531 3147 569 3189; x_wconf 84' lang='lat' dir='ltr'>ea</span> <span class='ocrx_word' id='word_1_241' title='bbox 586 3125 750 3212; x_wconf 89' lang='lat' dir='ltr'>opinione,</span> <span class='ocrx_word' id='word_1_242' title='bbox 766 3138 803 3189; x_wconf 89' lang='lat' dir='ltr'>ut</span> <span class='ocrx_word' id='word_1_243' title='bbox 825 3124 857 3187; x_wconf 88' lang='lat' dir='ltr'>id</span> <span class='ocrx_word' id='word_1_244' title='bbox 876 3124 1018 3202; x_wconf 90' lang='lat' dir='ltr'>demum,</span> <span class='ocrx_word' id='word_1_245' title='bbox 1033 3146 1105 3209; x_wconf 85' lang='lat' dir='ltr'>quo.</span> <span class='ocrx_word' id='word_1_246' title='bbox 1120 3147 1230 3212; x_wconf 84' lang='lat' dir='ltr'>pugna</span> 
     </span>
     <span class='ocr_line' id='line_1_31' title="bbox 170 3208 1229 3298; baseline 0 -22"><span class='ocrx_word' id='word_1_247' title='bbox 170 3228 190 3298; x_wconf 84' lang='lat'>3</span> <span class='ocrx_word' id='word_1_248' title='bbox 204 3213 333 3290; x_wconf 86' lang='lat' dir='ltr'>constat,</span> <span class='ocrx_word' id='word_1_249' title='bbox 349 3211 527 3296; x_wconf 83' lang='lat' dir='ltr'><em>enthymema</em></span> <span class='ocrx_word' id='word_1_250' title='bbox 542 3211 641 3297; x_wconf 87' lang='lat' dir='ltr'>accipi</span> <span class='ocrx_word' id='word_1_251' title='bbox 656 3209 765 3273; x_wconf 89' lang='lat' dir='ltr'>velint.</span> <span class='ocrx_word' id='word_1_252' title='bbox 799 3211 840 3272; x_wconf 87' lang='lat' dir='ltr'>Et</span> <span class='ocrx_word' id='word_1_253' title='bbox 854 3208 926 3272; x_wconf 90' lang='lat' dir='ltr'>ideo</span> <span class='ocrx_word' id='word_1_254' title='bbox 941 3208 1022 3272; x_wconf 90' lang='lat' dir='ltr'>iliud</span> <span class='ocrx_word' id='word_1_255' title='bbox 1038 3209 1229 3284; x_wconf 83' lang='lat' dir='ltr'>Cornificius</span> 
     </span>
     <span class='ocr_line' id='line_1_32' title="bbox 203 3293 1228 3383; baseline 0.003 -25"><span class='ocrx_word' id='word_1_256' title='bbox 203 3294 382 3359; x_wconf 81' lang='lat' dir='ltr'>contrariam</span> <span class='ocrx_word' id='word_1_257' title='bbox 396 3295 555 3383; x_wconf 84' lang='lat' dir='ltr'>appellat:</span> <span class='ocrx_word' id='word_1_258' title='bbox 580 3296 665 3358; x_wconf 89' lang='lat' dir='ltr'>hunc</span> <span class='ocrx_word' id='word_1_259' title='bbox 687 3293 740 3358; x_wconf 83' lang='lat' dir='ltr'>alii</span> <span class='ocrx_word' id='word_1_260' title='bbox 762 3294 932 3358; x_wconf 77' lang='lat' dir='ltr'>rhetoricam</span> <span class='ocrx_word' id='word_1_261' title='bbox 944 3293 1158 3381; x_wconf 80' lang='lat' dir='ltr'>syllogismum,</span> <span class='ocrx_word' id='word_1_262' title='bbox 1174 3297 1228 3380; x_wconf 79' lang='lat' dir='ltr'>alii</span> 
     </span>
     <span class='ocr_line' id='line_1_33' title="bbox 203 3379 1227 3468; baseline 0.001 -23"><span class='ocrx_word' id='word_1_263' title='bbox 203 3379 403 3468; x_wconf 73' lang='lat' dir='ltr'>imperfectam</span> <span class='ocrx_word' id='word_1_264' title='bbox 416 3379 615 3468; x_wconf 66' lang='lat' dir='ltr'>syllogismum</span> <span class='ocrx_word' id='word_1_265' title='bbox 645 3393 849 3460; x_wconf 87' lang='lat' dir='ltr'>vocaverunt,</span> <span class='ocrx_word' id='word_1_266' title='bbox 873 3379 949 3464; x_wconf 81' lang='lat' dir='ltr'>quia</span> <span class='ocrx_word' id='word_1_267' title='bbox 975 3401 1034 3442; x_wconf 88' lang='lat' dir='ltr'>nec</span> <span class='ocrx_word' id='word_1_268' title='bbox 1064 3379 1227 3466; x_wconf 69' lang='lat' dir='ltr'>distinctis,</span> 
     </span>
    </p>
   </div>
   <div class='ocr_carea' id='block_1_6' title="bbox 202 3597 1230 3778">
    <p class='ocr_par' dir='ltr' id='par_1_11' title="bbox 202 3597 1230 3778">
     <span class='ocr_line' id='line_1_34' title="bbox 239 3597 1227 3664; baseline 0.003 -15"><span class='ocrx_word' id='word_1_269' title='bbox 239 3600 368 3650; x_wconf 72' lang='lat' dir='ltr'>edixerim</span> <span class='ocrx_word' id='word_1_270' title='bbox 380 3601 411 3648; x_wconf 92' lang='lat' dir='ltr'>G.</span> <span class='ocrx_word' id='word_1_271' title='bbox 475 3597 804 3649; x_wconf 77' lang='lat' dir='ltr'>0ocutautemfic.oan.</span> <span class='ocrx_word' id='word_1_272' title='bbox 868 3601 1028 3660; x_wconf 66' lang='lat' dir='ltr'>»pronostica</span> <span class='ocrx_word' id='word_1_273' title='bbox 1043 3601 1227 3664; x_wconf 77' lang='lat' dir='ltr'>tentpraenost.</span> 
     </span>
     <span class='ocr_line' id='line_1_35' title="bbox 202 3663 1230 3778; baseline 0.001 -65"><span class='ocrx_word' id='word_1_274' title='bbox 202 3665 283 3778; x_wconf 46' lang='lat' dir='ltr'>{idm</span> <span class='ocrx_word' id='word_1_275' title='bbox 301 3673 313 3705; x_wconf 66' lang='lat'>*¹</span> <span class='ocrx_word' id='word_1_276' title='bbox 332 3667 367 3714; x_wconf 88' lang='lat' dir='ltr'>uti</span> <span class='ocrx_word' id='word_1_277' title='bbox 380 3667 410 3712; x_wconf 90' lang='lat' dir='ltr'>G.</span> <span class='ocrx_word' id='word_1_278' title='bbox 423 3665 536 3762; x_wconf 35' lang='lat' dir='ltr'>nominale.</span> <span class='ocrx_word' id='word_1_279' title='bbox 601 3665 718 3730; x_wconf 48' lang='lat' dir='ltr'><em>¹om3G.</em></span> <span class='ocrx_word' id='word_1_280' title='bbox 801 3665 1027 3747; x_wconf 28' lang='lat' dir='ltr'>&#39;quodGlenjln</span> <span class='ocrx_word' id='word_1_281' title='bbox 1075 3663 1230 3770; x_wconf 21' lang='lat' dir='ltr'>‘&#39;pugnanti-</span> 
     </span>
    </p>
   </div>
   <div class='ocr_carea' id='block_1_7' title="bbox 195 3921 1228 4338">
    <p class='ocr_par' dir='ltr' id='par_1_12' title="bbox 195 3921 1228 4338">
     <span class='ocr_line' id='line_1_36' title="bbox 227 3921 1227 3991; baseline 0.005 -18"><span class='ocrx_word' id='word_1_282' title='bbox 227 3949 230 3956; x_wconf 95' lang='lat'>·</span> <span class='ocrx_word' id='word_1_283' title='bbox 243 3939 285 3987; x_wconf 77' lang='grc' dir='ltr'>ις.</span> <span class='ocrx_word' id='word_1_284' title='bbox 298 3931 373 3975; x_wconf 79' lang='lat' dir='ltr'>vento</span> <span class='ocrx_word' id='word_1_285' title='bbox 383 3922 465 3987; x_wconf 85' lang='lat' dir='ltr'>rnbet]</span> <span class='ocrx_word' id='word_1_286' title='bbox 480 3923 576 3990; x_wconf 85' lang='lat' dir='ltr'>Georg.</span> <span class='ocrx_word' id='word_1_287' title='bbox 592 3939 690 3988; x_wconf 72' lang='lat'><em>1‚430.</em></span> <span class='ocrx_word' id='word_1_288' title='bbox 737 3921 899 3991; x_wconf 70' lang='lat' dir='ltr'>ons-diverfis</span> <span class='ocrx_word' id='word_1_289' title='bbox 909 3923 1013 3985; x_wconf 81' lang='lat' dir='ltr'>dnabns,</span> <span class='ocrx_word' id='word_1_290' title='bbox 1024 3923 1131 3978; x_wconf 86' lang='lat' dir='ltr'><em>alteram</em></span> <span class='ocrx_word' id='word_1_291' title='bbox 1140 3925 1227 3986; x_wconf 76' lang='lat' dir='ltr'>breci-</span> 
     </span>
     <span class='ocr_line' id='line_1_37' title="bbox 195 3991 1223 4064; baseline 0.004 -20"><span class='ocrx_word' id='word_1_292' title='bbox 195 4003 230 4044; x_wconf 81' lang='lat' dir='ltr'>&#39;et</span> <span class='ocrx_word' id='word_1_293' title='bbox 242 3991 354 4044; x_wconf 56' lang='lat' dir='ltr'>alterum*</span> <span class='ocrx_word' id='word_1_294' title='bbox 366 4009 390 4054; x_wconf 86' lang='lat'>1,</span> <span class='ocrx_word' id='word_1_295' title='bbox 409 3997 469 4058; x_wconf 78' lang='lat'>388.</span> <span class='ocrx_word' id='word_1_296' title='bbox 486 3993 589 4044; x_wconf 56' lang='lat' dir='ltr'>‘tertium</span> <span class='ocrx_word' id='word_1_297' title='bbox 609 4001 692 4045; x_wconf 79' lang='lat' dir='ltr'>autem</span> <span class='ocrx_word' id='word_1_298' title='bbox 736 4002 780 4044; x_wconf 43' lang='lat' dir='ltr'>*ter</span> <span class='ocrx_word' id='word_1_299' title='bbox 795 4002 819 4043; x_wconf 82' lang='lat' dir='ltr'>et</span> <span class='ocrx_word' id='word_1_300' title='bbox 829 3991 910 4058; x_wconf 81' lang='lat' dir='ltr'>facile</span> <span class='ocrx_word' id='word_1_301' title='bbox 929 3993 1064 4064; x_wconf 70' lang='lat' dir='ltr'>confirmat,</span> <span class='ocrx_word' id='word_1_302' title='bbox 1082 3995 1123 4046; x_wconf 84' lang='lat' dir='ltr'>hoe</span> <span class='ocrx_word' id='word_1_303' title='bbox 1134 4001 1223 4064; x_wconf 75' lang='lat' dir='ltr'><em>patto:</em></span> 
     </span>
     <span class='ocr_line' id='line_1_38' title="bbox 202 4059 1228 4132; baseline 0.006 -20"><span class='ocrx_word' id='word_1_304' title='bbox 202 4065 306 4122; x_wconf 53' lang='lat'>*24¹8-</span> <span class='ocrx_word' id='word_1_305' title='bbox 413 4120 416 4126; x_wconf 28' lang='grc' dir='ltr'>ι</span> <span class='ocrx_word' id='word_1_306' title='bbox 743 4060 870 4130; x_wconf 70' lang='lat' dir='ltr'>Numqui</span> <span class='ocrx_word' id='word_1_307' title='bbox 880 4062 1079 4132; x_wconf 76' lang='lat' dir='ltr'>suirrationibns&#39;</span> <span class='ocrx_word' id='word_1_308' title='bbox 1087 4059 1228 4132; x_wconf 75' lang='lat' dir='ltr'>sueritim&#39;-</span> 
     </span>
     <span class='ocr_line' id='line_1_39' title="bbox 196 4128 1226 4202; baseline 0.006 -20"><span class='ocrx_word' id='word_1_309' title='bbox 196 4149 203 4158; x_wconf 89' lang='lat'><strong>·</strong></span> <span class='ocrx_word' id='word_1_310' title='bbox 244 4147 268 4193; x_wconf 79' lang='lat'>3.</span> <span class='ocrx_word' id='word_1_311' title='bbox 296 4128 369 4182; x_wconf 78' lang='lat' dir='ltr'>Comi</span> <span class='ocrx_word' id='word_1_312' title='bbox 386 4129 448 4194; x_wconf 78' lang='lat' dir='ltr'>cius]</span> <span class='ocrx_word' id='word_1_313' title='bbox 479 4129 549 4180; x_wconf 87' lang='lat' dir='ltr'>Idem</span> <span class='ocrx_word' id='word_1_314' title='bbox 571 4129 647 4191; x_wconf 84' lang='lat' dir='ltr'>dixit,</span> <span class='ocrx_word' id='word_1_315' title='bbox 668 4143 697 4196; x_wconf 21' lang='lat' dir='ltr'>ct,</span> <span class='ocrx_word' id='word_1_316' title='bbox 743 4129 817 4182; x_wconf 85' lang='lat' dir='ltr'>micus</span> <span class='ocrx_word' id='word_1_317' title='bbox 828 4132 997 4202; x_wconf 82' lang='lat' dir='ltr'>semper,enm</span> <span class='ocrx_word' id='word_1_318' title='bbox 1016 4135 1125 4200; x_wconf 78' lang='lat' dir='ltr'>quomodo</span> <span class='ocrx_word' id='word_1_319' title='bbox 1143 4135 1226 4188; x_wconf 75' lang='lat' dir='ltr'>n&#39;iemt</span> 
     </span>
     <span class='ocr_line' id='line_1_40' title="bbox 206 4195 1137 4270; baseline 0.004 -20"><span class='ocrx_word' id='word_1_320' title='bbox 206 4196 271 4251; x_wconf 81' lang='lat' dir='ltr'>forte</span> <span class='ocrx_word' id='word_1_321' title='bbox 290 4197 354 4250; x_wconf 79' lang='lat' dir='ltr'>idem</span> <span class='ocrx_word' id='word_1_322' title='bbox 372 4199 419 4259; x_wconf 82' lang='lat' dir='ltr'>eii,</span> <span class='ocrx_word' id='word_1_323' title='bbox 431 4198 517 4250; x_wconf 69' lang='lat' dir='ltr'>aanor</span> <span class='ocrx_word' id='word_1_324' title='bbox 533 4199 564 4250; x_wconf 80' lang='lat' dir='ltr'>ad</span> <span class='ocrx_word' id='word_1_325' title='bbox 585 4195 694 4252; x_wconf 53' lang='lat' dir='ltr'>Herenni</span> <span class='ocrx_word' id='word_1_326' title='bbox 735 4199 814 4251; x_wconf 85' lang='lat' dir='ltr'>-rebus</span> <span class='ocrx_word' id='word_1_327' title='bbox 824 4201 929 4254; x_wconf 82' lang='lat' dir='ltr'>amicum</span> <span class='ocrx_word' id='word_1_328' title='bbox 931 4200 991 4267; x_wconf 81' lang='lat' dir='ltr'>sore</span> <span class='ocrx_word' id='word_1_329' title='bbox 993 4202 1077 4270; x_wconf 81' lang='lat' dir='ltr'>speres</span> <span class='ocrx_word' id='word_1_330' title='bbox 1090 4203 1137 4255; x_wconf 70' lang='lat' dir='ltr'>&amp;c</span> 
     </span>
     <span class='ocr_line' id='line_1_41' title="bbox 206 4266 1180 4338; baseline 0.004 -18"><span class='ocrx_word' id='word_1_331' title='bbox 206 4271 291 4331; x_wconf 79' lang='lat'>4,18.</span> <span class='ocrx_word' id='word_1_332' title='bbox 310 4266 466 4324; x_wconf 76' lang='lat' dir='ltr'>Contrarium</span> <span class='ocrx_word' id='word_1_333' title='bbox 482 4268 522 4338; x_wconf 79' lang='lat' dir='ltr'>est,</span> <span class='ocrx_word' id='word_1_334' title='bbox 535 4269 598 4336; x_wconf 81' lang='lat' dir='ltr'>qnod</span> <span class='ocrx_word' id='word_1_335' title='bbox 611 4285 643 4325; x_wconf 72' lang='lat' dir='ltr'>ex</span> <span class='ocrx_word' id='word_1_336' title='bbox 655 4286 695 4322; x_wconf 87' lang='lat' dir='ltr'>re·</span> <span class='ocrx_word' id='word_1_337' title='bbox 1178 4290 1180 4296; x_wconf 75' lang='grc'>’</span> 
     </span>
    </p>
   </div>
   <div class='ocr_carea' id='block_1_8' title="bbox 756 4355 847 4430">
    <p class='ocr_par' dir='ltr' id='par_1_13' title="bbox 756 4355 847 4430">
     <span class='ocr_line' id='line_1_42' title="bbox 756 4355 847 4430; baseline 0.033 -3"><span class='ocrx_word' id='word_1_338' title='bbox 756 4358 777 4400; x_wconf 77' lang='grc' dir='ltr'><strong>Τ</strong></span> <span class='ocrx_word' id='word_1_339' title='bbox 795 4355 847 4430; x_wconf 51' lang='grc' dir='ltr'>2ῗῖ</span> 
     </span>
    </p>
   </div>
   <div class='ocr_carea' id='block_1_9' title="bbox 0 0 1505 4908">
    <p class='ocr_par' dir='ltr' id='par_1_14' title="bbox 0 0 1505 4908">
     <span class='ocr_line' id='line_1_43' title="bbox 0 0 1505 4908; baseline 0 0"><span class='ocrx_word' id='word_1_340' title='bbox 0 0 1505 4908; x_wconf 95' lang='lat' dir='ltr'> </span> 
     </span>
    </p>
   </div>
  </div>
 </body>
</html>
