2938 4910
230 441 289 518 4³⁸
443 448 447 460 ¹
471 439 517 500 nr.
538 437 661 500 rann
683 423 1040 500 ourncrrnrnnr‘

233 604 351 672 merito
374 603 498 671 summa
520 605 563 668 esl
582 603 766 682 audloritas,
783 625 859 667 cum
879 616 980 669 artem
1003 602 1121 668 scholae
1145 613 1276 676 tantum

234 705 455 780 componeret,
471 704 538 754 tarn
557 692 687 776 anguste
707 689 870 754 materiam
895 689 1059 778 qualitatis
1080 691 1276 756 terminasse.

236 777 412 842 Quantitas
436 797 567 862 quoque
593 779 644 857 (ut
666 774 747 856 dixi)
773 775 891 840 etiamst
915 799 978 840 non
1006 776 1140 862 semper,
1163 789 1276 840 tamen
1289 788 1343 852 41
1445 790 1446 811 ¹

260 862 362 928 lerum
388 885 430 926 ue
451 861 582 926 eidem²
605 859 757 948 subjacet,
784 861 838 925 seu
862 861 951 925 modi
975 859 1028 940 eli,
1054 861 1109 928 seu
1134 861 1276 926 numeri.

237 881 303 1012 led
316 887 432 1011 mddus
447 945 619 1033 aliquando
635 947 754 1010 constat
768 947 976 1012 aellinratione
997 947 1085 1027 fadti,
1102 959 1217 1034 quanta
1227 947 1280 1033 stt

237 1033 338 1121 culpa,
362 1045 544 1120 quantumve
568 1031 767 1120 benficium?
792 1031 966 1120 aliquando
981 1031 1068 1118 jure,
1085 1054 1161 1098 cum
1181 1032 1216 1098 id
1240 1032 1278 1098 in

236 1119 477 1184 controversiam
502 1117 597 1197 venit,
612 1143 672 1205 qua
694 1117 758 1204 quis
774 1117 802 1178 le
825 1119 1035 1206 epuniendus,
1050 1118 1104 1182 vel
1124 1119 1278 1184 bnnoran·
1445 1172 1446 1175 η

237 1206 291 1268 dat
304 1204 379 1290 stt?
403 1204 561 1292 Stupralor
574 1229 615 1266 an
629 1204 723 1267 decem
738 1143 835 1266 nullia
851 1206 924 1266 dare
939 1205 1074 1268 debeat?
1094 1227 1166 1291 quae
1181 1225 1280 1291 poena
1289 1215 1345 1280 42
1444 1230 1446 1275 t

235 1287 314 1354 huic
329 1289 457 1354 crimini
472 1289 641 1353 constituta
655 1289 698 1352 est
713 1313 720 1351 ε
745 1313 797 1366 an,
814 1287 1093 1378 quiastnpratusse
1104 1289 1278 1378 suspendit,

236 1377 332 1462 capite
344 1377 458 1463 puniri,
475 1389 627 1462 tamquam
642 1373 741 1460 cnaffa
757 1375 888 1438 mortis?
915 1377 994 1441 Quo
1016 1375 1049 1440 in
1072 1397 1190 1462 genere
1212 1374 1278 1438 sal-

236 1459 359 1539 luntur‚
373 1462 430 1548 qni
445 1461 489 1524 ita
505 1459 628 1540 dieunt,
644 1473 811 1546 tamquam
831 1461 915 1524 inter
934 1459 1012 1525 duas
1034 1461 1127 1548 leges
1171 1483 1288 1538 uaera2

237 1558 301 1612 tur.
346 1547 430 1610 Nam
447 1545 505 1610 de²
519 1546 630 1610 decem
648 1545 791 1609 millibus
804 1546 891 1610 nulla
907 1546 1118 1611 controversia
1132 1485 1186 1627 el,
1201 1569 1279 1633 quae
1291 1549 1305 1562 “

239 1653 299 1696 neo
315 1645 479 1718 petuntur.
524 1633 544 1695 J
548 1631 688 1695 udieium
712 1629 867 1710 redditur,
883 1656 924 1695 an
945 1657 1011 1696 reas
1026 1631 1126 1718 caaffir
1135 1631 1182 1718 fit
1196 1655 1278 1700 ntor-

239 1716 309 1779 tis?
333 1719 368 1780 ln
386 1717 601 1803 conjesluram
615 1739 745 1804 quoque
760 1715 871 1781 eadem
888 1717 1005 1803 speeies
1020 1719 1119 1798 eadit,
1136 1741 1237 1804 quum
1247 1723 1278 1798 b,
1291 1729 1343 1800 43

234 1815 445 1890 perpetuario
466 1801 741 1950 quinquennalis!
763 1801 848 1866 exilio
870 1803 1075 1868 multandus?
1096 1803 1128 1866 in
1144 1817 1279 1868 contro·

236 1889 366 1952 versatu
384 1888 470 1954 venit
483 1901 507 1968 ⁶,
523 1913 594 1951 nam
615 1901 673 1975 pru
696 1913 745 1951 ens
767 1889 874 1951 eadem
889 1888 1087 1978 commiserit?
1108 1891 1289 1978 quaeritur..

239 1973 301 2038 llla
323 1995 462 2059 quoqne,
490 1997 562 2061 quae
588 1995 628 2037 ex
653 1995 785 2038 numero
809 1973 950 2056 ducitur,
977 1975 1096 2061 pendet
1119 1997 1159 2038 ex
1180 1974 1276 2065 jure:
1291 1988 1344 2054 44

237 2062 295 2122 An
322 2059 506 2144 'l'hrasy'hulo
530 2061 569 2122 tri
593 2059 657 2122 into
678 2060 806 2148 praemia
828 2060 1096 2140 debeanturset,
1122 2061 1196 2125 Cum
1219 2063 1279 2125 duo

226 2145 319 2230 fieres
340 2145 496 2231 pecuniam
519 2085 712 2230 subsiderunt,
725 2146 894 2293 separatim
919 2145 1120 2236 quadruplum
1143 2147 1278 2236 quisque,

118 2291 126 2316 f
236 2255 279 2292 cm
294 2229 417 2316 diaplam
439 2232 572 2293 debeat?
594 2229 657 2293 Sed
679 2230 733 2292 hic
768 2229 875 2294 aetum
897 2253 1026 2318 quoque
1047 2231 1228 2313 aestimatur,
1245 2246 1281 2298 et

237 2327 346 2379 tamen
357 2314 413 2402 jus
429 2316 530 2402 ipsum
547 2315 667 2402 pendet
681 2337 722 2378 ex
735 2316 900 2400 qualitate.

281 2403 324 2465 V.
360 2402 447 2486 (Vl.)
482 2401 551 2466 Qui
577 2421 681 2486 neque
707 2399 813 2464 fecisse
838 2403 869 2466 se
894 2402 1038 2490 negabit,
1062 2425 1169 2490 neque
1190 2401 1282 2468 aliud

238 2485 311 2566 esse,
330 2487 417 2572 quod
442 2485 566 2563 feeerit,
582 2487 682 2566 dicet,
703 2509 809 2573 neque
833 2486 956 2554 fastum
980 2487 1142 2568 desendet,
1157 2487 1281 2553 necesse

238 2574 292 2650 est,
317 2573 350 2634 in
374 2571 429 2635 suo
448 2573 522 2658 jure
544 2572 707 2636 consistat:
732 2571 765 2634 in
787 2593 852 2657 quo
874 2572 1063 2660 plerumque
1087 2574 1208 2638 actionis
1234 2573 1281 2638 est

237 2655 377 2745 quaestz'o:
401 2681 474 2744 quae
495 2679 558 2722 non
582 2657 705 2756 semper
727 2657 838 2722 eadem
861 2659 915 2736 est,
937 2671 974 2722 ut
992 2657 1126 2745 quidam
1144 2670 1279 2745 putave-

237 2759 325 2806 runt.
371 2745 484 2806 Namd
504 2757 537 2806 et
554 2741 716 2830 judicium
733 2743 905 2823 antecedit,
922 2743 1029 2830 qualia
1043 2745 1115 2808 sunt
1130 2757 1314 2830 praeturae2

237 2829 359 2892 curiosa
372 2827 511 2907 consuta,
528 2851 603 2892 cunr
619 2827 660 2892 de
674 2827 749 2914 jure
763 2829 953 2900 aecusatoris
968 2831 1165 2918 ambigitur:
1189 2841 1223 2894 et
1242 2829 1279 2894 in

238 2915 310 3000 ipsu
338 2913 587 3000 frequentissime
610 2913 744 3000 judiciis
769 2913 918 2978 versatur.
964 2917 1018 2981 Est
1035 2915 1128 2980 enim
1159 2913 1280 3004 duplex

238 2999 308 3086 ejus
330 2999 569 3086 disceptationis
592 2999 750 3079 conditi0,
774 2999 863 3087 quod
888 3011 944 3064 aut
966 3001 1100 3081 intentio,
1117 3013 1174 3066 aut
1190 3017 1277 3089 prae-

272 3215 365 3263 ¹retlo
378 3215 408 3262 G.
475 3195 574 3266 =inoss
641 3215 733 3266 bnum
743 3219 775 3269 G.
846 3219 914 3268 cSir
925 3219 957 3268 G.
968 3220 1060 3268 venerit
1070 3220 1103 3268 al.
1180 3218 1279 3276 “Nam

238 3289 262 3328 tt
278 3298 320 3327 om.
332 3281 363 3328 G.
375 3281 438 3328 lens.

274 3493 318 3538 42.
338 3476 417 3530 decem
435 3475 514 3527 millia
531 3475 606 3540 dare]
632 3477 734 3530 Summa
782 3475 852 3530 berat
864 3481 930 3532 enim
942 3489 1043 3550 praetor,
1055 3496 1086 3531 an
1098 3479 1140 3532 det
1157 3477 1277 3534 astionem

238 3543 350 3598 solemnis
369 3546 434 3616 apud
453 3545 644 3608 declamatores,
658 3565 687 3598 vr
704 3565 732 3617 g.
782 3549 886 3618 petenti,
898 3562 923 3601 et
935 3567 1010 3617 quarn
1023 3549 1074 3600 det.

239 3616 367 3690 Qinttu..
377 3635 390 3665 2
397 3634 439 3680 52,
454 3633 526 3680 370,
819 3636 845 3668 2.
865 3628 911 3671 aut
926 3615 1036 3680 intentio,
1047 3626 1093 3669 aut
1109 3616 1276 3688 prastriptio]

265 3703 313 3754 ¹¹44.
319 3685 459 3756 separatim
466 3683 639 3753 quadruplum]
651 3686 735 3738 Trac·
782 3683 905 3750 Breviter,
916 3685 1015 3739 intentio
1028 3687 1118 3740 ablotis
1131 3687 1163 3740 est
1174 3687 1210 3739 vel
1223 3705 1277 3738 cer-

238 3767 277 3806 tat
289 3756 352 3807 hanc
363 3755 466 3822 speciem
479 3755 518 3804 vir
534 3755 645 3807 summus
665 3755 734 3826 Byn-
782 3765 808 3808 te
829 3759 952 3826 petitoris,
965 3757 1017 3808 vid.
1036 3775 1096 3808 mox
1115 3757 1134 3806 s.
1153 3775 1189 3822 4:
1206 3765 1277 3824 prae-

115 3817 121 3830 '
217 3845 219 3848 ·
239 3825 320 3878 ketsh.
334 3822 403 3876 Obss.
420 3842 444 3888 5,
458 3829 482 3874 8.
499 3844 523 3892 p.
537 3839 581 3890 43.
775 3825 877 3896 scriptio
889 3830 933 3889 rei,
945 3845 1003 3880 enm
1015 3827 1157 3896 exceptione
1168 3826 1278 3896 quadam

263 3887 309 3956 'V,
324 3914 349 3946 ι.
368 3891 394 3943 in
407 3895 454 3964 fito
467 3893 529 3962 jure
540 3891 657 3964 ronststat]
677 3895 735 3946 Non
784 3909 871 3949 contra
890 3910 969 3950 totam
993 3897 1015 3950 se
1039 3897 1160 3951 adsonem
1183 3897 1277 3949 munit.

257 3961 405 4016 atiaturfibi
425 3963 610 4016 controversiam
629 3962 692 4024 fieri,
706 3979 734 4016 ac
784 3965 845 4017 Vid.
869 3985 893 4032 3,
906 3971 932 4030 6,
953 3985 996 4030 7¹·
1025 3967 1144 4038 Inprimis
1164 3977 1279 4036 apertum

237 3985 309 4088 item
328 4049 377 4084 non
397 4033 557 4086 contestetur,
584 4036 655 4084 Hanc
673 4033 735 4085 alias
784 4033 830 4086 hoc
850 4035 891 4098 est,
905 4054 935 4088 ne
955 4055 970 4088 a
987 4037 1067 4089 Fabio
1082 4038 1235 4098 recedamus,
1246 4053 1280 4090 ex

237 4104 420 4172 transsationem
432 4100 589 4172 appellat,de
602 4119 652 4172 qna
664 4102 734 4156 locus
784 4098 857 4156 Decl.
883 4108 942 4170 346,
954 4105 1000 4158 nbi
1019 4107 1134 4177 accusare
1154 4103 1214 4159 vult
1227 4115 1280 4176 pa-

239 4173 309 4246 quasr
326 4172 436 4225 classicus
456 4190 482 4239 3,
494 4176 520 4235 6,
539 4175 582 4224 68.
602 4184 627 4224 et
645 4175 689 4240 83.
702 4175 733 4225 it.
784 4181 847 4224 trem
859 4173 926 4226 lilius
938 4173 1021 4226 tutelae
1031 4175 1096 4227 male
1104 4175 1187 4246 gesta.
1210 4175 1280 4228 Prae-

240 4265 268 4314 5,
283 4261 325 4308 13,
338 4245 363 4294 8.
561 4269 563 4272 ·
657 4282 670 4298 „.
784 4243 870 4294 scribit
882 4243 932 4305 ille,
943 4246 1007 4314 qued
1013 4243 1076 4296 aetio
1088 4262 1134 4296 nan
1137 4243 1172 4312 stt
1180 4243 1280 4298 adver-

247 4359 252 4365 .
276 4331 303 4366 a.
318 4320 439 4380 praeturae
455 4309 549 4384 curiosa
566 4313 643 4384 confi]
663 4311 734 4365 Deli·
774 4313 822 4384 fies
828 4321 929 4383 patrem
936 4313 981 4384 nist
988 4313 1125 4368 dementia.
1135 4314 1226 4376 Suadet
1237 4313 1281 4367 hic
