2870 4916
316 811 368 876 M.
385 808 568 879 FABIUS*
589 805 958 880 QUINCTILIANUS

289 1037 594 1115 TRYPHONI
620 1039 985 1117 BIBLIOPOLAE

521 1283 756 1346 SALUTEM.

123 1453 467 1584 EFFLAdITAsTI
490 1513 681 1602 quotidiano
702 1513 862 1594 convicio,
882 1524 920 1578 ut
941 1509 1053 1596 libros,
1072 1535 1156 1602 ¹quos

125 1595 162 1663 ad
176 1600 369 1665 Marcellum
391 1621 500 1665 meum
521 1599 562 1665 de
581 1599 785 1665 Institutione
808 1600 943 1664 oratoria
965 1599 1154 1688 scripseram,

119 1681 182 1768 jam
197 1685 348 1750 emittere
362 1685 559 1810 inciperem:
583 1707 657 1750 nam
674 1685 738 1774 ipse
759 1707 815 1750 eos
829 1685 973 1750 nondum
988 1687 1061 1751 satis
1081 1710 1102 1752 o
1124 1687 1154 1752 i·

127 1769 218 1834 nabar
234 1770 419 1836 maturuisse
445 1772 589 1858 ‚quibus
610 1770 842 1859 componendis
867 1771 929 1857 (uti
949 1771 1022 1852 scis)
1047 1794 1087 1859 pa
1122 1772 1155 1837 lo
1226 1835 1228 1846 ,

125 1853 190 1940 plus
210 1878 310 1942 quam
332 1855 512 1936 biennium,
527 1866 577 1921 tot
597 1855 720 1943 alioqui
742 1855 883 1944 negotiis
903 1855 1072 1937 distriblus,
1090 1859 1156 1922 im·

126 1940 232 2023 pendi:
255 1941 345 2027 quod
361 1955 491 2028 tempus
512 1963 577 2005 non
593 1954 659 2006 tam
681 1941 761 2019 stilo,
778 1963 875 2027 quam
893 1939 1089 2028 inquifitioni
1104 1943 1156 2006 io-

128 2023 215 2090 slituti
241 2027 346 2112 operis
371 2048 470 2114 prope
492 2025 620 2104 infiniti,
644 2039 680 2090 et
706 2025 853 2114 legendis
877 2025 1073 2108 audioribus,
1098 2028 1157 2116 qui

102 2109 191 2174 asunt
204 2111 467 2190 innumerabiles,
483 2112 596 2177 datum
611 2112 673 2176 est:
697 2111 770 2176 usus
792 2109 909 2176 deinde
930 2112 1057 2177 Horatii
1074 2135 1154 2178 con·

130 2194 198 2274 filio,
221 2197 277 2283 qui
296 2199 332 2262 in
356 2209 423 2262 arte
445 2197 571 2284 poetica
593 2193 716 2277 suadet,
737 2219 779 2262 ne
800 2196 1017 2284 praecipitetur
1041 2197 1155 2278 editio,

129 2301 304 2380 nonumque
319 2296 485 2370 prematur
499 2283 533 2346 in
549 2304 682 2362 annum,
694 2283 810 2347 dabam
824 2281 864 2347 iis
878 2283 995 2362 otium,
1009 2295 1048 2349 ut
1061 2283 1155 2349 refri-

150 2381 228 2432 erato
248 2367 444 2432 inventionis
465 2389 585 2445 amore,
605 2367 793 2456 diligentius
814 2389 848 2432 re
890 2368 967 2432 titos
989 2380 1158 2457 tamquam

100 2463 119 2537 Ι3
130 2387 219 2516 ieuor
232 2453 473 2541 perpenderem.
519 2453 583 2518 Sed
598 2453 619 2516 fi
634 2465 800 2540 tantopere
814 2475 833 2517 e
868 2453 1043 2540 agitantur,
1057 2477 1156 2541 quam

132 2547 164 2598 tu
174 2537 315 2619 affirmas,
330 2538 553 2624 permittamus
571 2538 643 2602 vela
662 2539 779 2619 ventis,
796 2550 829 2602 et
850 2561 939 2602 oram
961 2537 1156 2605 solventibus

132 2619 203 2686 bene
215 2644 392 2722 precemur.
424 2624 569 2689 Multum
585 2637 692 2688 autem
708 2624 742 2688 in
756 2636 813 2688 tua
826 2645 956 2712 quoque
971 2623 1034 2689 lide
1048 2646 1086 2689 ao
1102 2625 1154 2689 di·

131 2703 251 2792 ligenua
263 2709 404 2796 positum
418 2709 472 2790 est,
486 2722 524 2776 ut
538 2707 572 2773 in
593 2731 708 2774 manus
728 2707 899 2774 hominum
920 2731 1020 2796 quarn
1040 2731 1153 2777 emen-

135 2789 264 2858 datiffimi
281 2793 424 2860 veniant.

162 2985 171 3009 ¹
183 2979 215 3030 M.
223 2982 287 3032 rabir
299 2979 461 3032 Quinotium
472 2983 502 3031 de
513 2983 660 3032 institutione
669 2982 771 3031 oratoria
781 2982 812 3029 ad
822 2979 981 3046 Tryphonem
991 2978 1089 3044 epistola
1097 2977 1153 3045 lege.

136 3043 295 3096 adomnanus
306 3049 435 3112 Tryphoni
447 3048 549 3096 salutern
561 3051 592 3097 G.
659 3047 670 3080 δ
688 3049 728 3096 Sic
739 3048 806 3095 triam
818 3048 849 3098 G.
862 3047 1012 3097 maturaviffe
1020 3046 1054 3096 al.

164 3221 188 3259 r.
206 3206 324 3281 Tryphoni
332 3209 482 3280 airaopuae]
496 3210 611 3264 Dubium
696 3226 723 3260 2.
736 3209 769 3280 p'n
779 3219 834 3261 arte
844 3207 952 3289 poetica]
970 3207 1041 3272 versu
1055 3211 1115 3274 388.
1229 3269 1230 3276 ἵ

136 3288 176 3328 uon
192 3278 231 3341 er,
246 3282 310 3350 quin
330 3281 450 3352 Trypho,
468 3279 612 3350 Bibliopola
695 3295 722 3328 2.
752 3277 902 3331 invenuonis
931 3279 1028 3343 amore]
1058 3277 1153 3330 Ardorae

138 3342 194 3396 illius
209 3351 325 3420 temporis
341 3349 443 3412 nobilia,
460 3349 502 3402 hic
519 3349 611 3403 intelli·
660 3348 760 3414 conjicit
777 3349 817 3400 vir
834 3347 923 3400 donus
941 3349 966 3399 in
985 3347 1152 3400 Miscellaneit

137 3429 209 3480 gatur,
219 3420 284 3485 cujus
301 3421 379 3472 etiam
396 3439 410 3473 e
427 3419 508 3472 Mart.
526 3438 554 3483 4,
566 3437 610 3483 72,
660 3417 890 3479 Obsermrionibus,
909 3415 960 3469 vol.
987 3435 1012 3479 1,
1035 3435 1063 3487 p.
1089 3421 1150 3482 138.

138 3493 159 3532 et
178 3501 216 3549 ις,
238 3506 261 3552 3,
281 3489 430 3542 rrrernoriam
454 3489 496 3542 hic
521 3490 609 3560 repetit
660 3486 779 3538 Sedbene
791 3486 888 3540 'ibidem
905 3485 1046 3538 defenditur
1056 3501 1150 3548 amore,

87 3609 89 3614 ,
140 3553 286 3610 rotondus:
313 3559 354 3612 sed
370 3575 460 3612 nomen
476 3558 550 3630 ipsius
569 3558 609 3611 hie
658 3556 726 3626 quod
738 3557 928 3610 habetnretiam
940 3555 1044 3608 Gothae.

140 3623 228 3690 positum
248 3629 278 3680 ab
298 3629 400 3682 audiere
421 3646 471 3681 non
493 3629 609 3688 arbitror,
697 3643 723 3690 3.
741 3643 810 3678 oram
818 3623 987 3697 solventibus]
1009 3627 1048 3677 Sic
1067 3624 1150 3694 legen-

142 3701 187 3745 tum
204 3697 312 3750 Gorhani
341 3697 401 3750 libri
430 3698 533 3760 indicio,
556 3709 611 3750 tum
659 3695 720 3746 dum
738 3696 780 3747 hic
800 3707 825 3747 et
843 3714 871 3760 4,
890 3713 916 3756 2,
935 3711 980 3759 41,
1001 3693 1151 3764 suffragante

142 3764 198 3826 quod
214 3767 253 3818 rix
266 3768 411 3820 Romanum
428 3768 536 3829 videtur,
553 3783 611 3847 prp-
661 3766 792 3818 Gothano.
817 3766 873 3817 Ora
883 3761 962 3826 funis,
974 3781 1026 3834 quo
1037 3764 1068 3815 ad
1079 3779 1149 3819 oram

142 3827 230 3887 sessionis
245 3837 269 3889 id
284 3855 364 3908 genus
379 3853 469 3892 nomen
485 3855 573 3908 ponere
585 3853 612 3888 rn
661 3834 800 3886 helima
818 3832 938 3903 religatur
953 3833 1035 3898 navis,
1046 3844 1078 3888 nt
1091 3833 1151 3888 satie
1186 3847 1194 3864 ·

142 3900 220 3957 tirolis.
660 3905 709 3958 viri
720 3903 964 3958 dottiohenderunt.
