3024 4912
427 429 598 530 rusum.
619 429 822 493 orturor.
843 429 926 494 tm.
948 433 1002 494 m.
1025 437 1054 495 ⁶.
1205 435 1260 510 183

170 608 211 682 97
226 595 303 662 beris
317 593 473 748 drcgpirit.
512 597 580 665 Qui
596 619 636 662 ex
651 595 777 662 duobus
791 595 946 686 legitimis
961 597 1095 662 alterurn
1111 597 1144 662 in
1160 595 1260 686 adop

225 684 346 748 tionem
396 681 516 763 ederat,
544 685 677 750 alterum
706 683 921 762 abdicaverat,
948 684 1070 750 sustulit
1099 684 1258 750 nothum:

172 781 175 787 ’
224 769 367 834 instituto
383 769 511 834 haerede
526 769 672 835 abdicato
687 767 848 833 decenus.
893 771 1016 837 Omnes
1034 783 1097 834 tres
1112 769 1151 833 de
1166 771 1261 834 botris
1298 785 1302 806 ·

225 854 436 919 contendunt.
486 857 606 939 (Nitor,
632 853 690 940 qui
715 877 779 916 nou
805 851 841 918 stt
865 853 1042 942 legitimus,
1071 855 1178 920 Graeci
1202 878 1260 920 vo-

224 954 322 1006 cant:
346 940 498 1004 'Latinum
522 939 568 1002 rei
591 962 722 1017 nomen,
738 953 776 1002 ut
799 940 883 1004 Cato
906 962 1036 1028 quoque
1059 941 1091 1004 in
1117 939 1261 1006 oratione

225 1027 362 1114 quadam
379 1027 508 1090 testatus
521 1025 577 1104 est,
594 1048 659 1088 non
680 1025 848 1104 habemus,
865 1025 1002 1112 ideoque
1026 1027 1146 1090 utimur
1167 1049 1260 1114 pere-

171 1105 212 1190 98
250 1112 329 1177 rino.
374 1110 439 1174 Sed
465 1107 506 1174 ad
529 1105 751 1196 propofitum.)
793 1109 925 1174 Haeredi
948 1111 1064 1208 scripto
1089 1133 1108 1174 ο
1130 1111 1262 1198 ponitur

226 1137 291 1275 fitur,
317 1197 484 1261 Abdicatus
508 1213 546 1259 tte
567 1197 642 1284 quid
665 1197 700 1258 de
727 1196 807 1259 honis
826 1197 926 1284 patris
949 1209 1068 1284 captat:
1099 1135 1136 1262 st
1165 1198 1261 1262 status

225 1282 332 1370 scripti
347 1294 380 1347 et
392 1275 581 1360 voluntatis,
596 1284 649 1346 An
664 1281 725 1344 ullo
742 1282 825 1345 modo
840 1295 941 1368 capere
958 1282 1070 1368 pofflt?
1091 1307 1133 1346 an
1156 1307 1191 1348 ex
1205 1307 1262 1346 vo-

226 1366 343 1432 luntate
356 1368 481 1454 patris?
502 1391 543 1429 an
556 1365 650 1430 haeres
660 1366 822 1454 scriptus?
854 1368 889 1431 N
892 1365 970 1432 otho
985 1355 1104 1455 duplex
1119 1367 1155 1432 fit
1170 1391 1260 1456 quae-

227 1453 294 1531 stin,
310 1454 397 1542 quod
411 1454 479 1539 poll
494 1451 678 1538 legitimos¹
700 1465 800 1515 uatus·
816 1452 863 1530 fit,
886 1465 920 1516 et
938 1452 1025 1539 quod
1048 1475 1113 1516 norr
1129 1453 1165 1517 fit
1186 1466 1262 1518 ante

172 1554 212 1620 99
226 1537 410 1626 legitimum
433 1551 539 1601 natus.
585 1538 672 1602 Prior
692 1533 908 1684 syllogismum
925 1533 1034 1617 babet,
1050 1540 1107 1602 An
1124 1553 1179 1626 pru
1204 1563 1263 1602 non

226 1625 308 1687 natis
324 1625 392 1707 fiat
417 1623 558 1700 habendi,
582 1623 634 1710 qui
659 1648 679 1686 a
692 1623 824 1710 samita
838 1617 938 1771 ‘punt’
962 1623 1118 1688 alienati?
1150 1623 1263 1688 Altera

226 1709 333 1796 scripti
348 1721 382 1773 et
396 1707 581 1772 voluntatis.
625 1710 703 1772 Non
718 1708 802 1772 enim
819 1731 836 1772 e
861 1731 878 1772 e
893 1707 980 1773 huuc
996 1723 1107 1774 natum
1124 1724 1197 1774 ante
1211 1710 1265 1775 le·

251 1793 393 1874 itimum,
409 1793 573 1858 convenit:
589 1791 642 1860 sed
657 1794 823 1858 voluntate
836 1793 918 1880 legis
929 1794 961 1856 se
976 1795 1131 1873 tuebitur,
1144 1802 1261 1882 quamt

226 1818 315 1947 dicet
336 1879 433 1944 talem
456 1877 558 1958 luisse,
574 1891 613 1944 ut
637 1879 804 1966 legitimus
822 1878 898 1943 ell'et
921 1879 1040 1943 nothus
1063 1894 1134 1944 tum
1154 1895 1261 1959 natuS,

172 1995 216 2031 roo
228 1984 303 2030 cum
319 1960 401 2030 alius
417 1966 446 2028 le
472 1965 582 2029 itimus
607 1966 640 2029 iu
656 1966 753 2029 domo
774 1981 838 2029 non
861 1964 947 2030 effet.
992 1965 1154 2052 Scriptum
1178 1988 1262 2064 quo-

228 2067 292 2139 que
307 2051 388 2138 legis
403 1987 565 2132 excgludet,
579 2051 702 2130 dicens,
719 2049 789 2114 Non
813 2049 925 2138 utique,
939 2046 975 2136 st
996 2049 1091 2138 pstea
1114 2051 1263 2140 lagitznmt

226 2151 316 2202 natus
327 2161 385 2201 non
388 2136 445 2222 fit,
460 2137 547 2202 notho
561 2161 681 2201 nocere.-
703 2151 875 2222 uteturque
889 2135 952 2200 ltoc
967 2151 1173 2234 argumento,
1187 2137 1264 2202 Fin-

222 2248 265 2310 ge
277 2223 379 2310 solum
401 2236 508 2287 natum
521 2225 653 2302 nothum,
671 2223 753 2310 cujus
777 2222 949 2286 conditionis
972 2225 1060 2286 erzt?
1088 2235 1204 2288 tuntum
1220 2225 1264 2289 cit

226 2309 275 2372 vis
288 2311 307 2371 ,Ρ
329 2308 413 2396 atqui
427 2333 485 2372 non
499 2310 556 2372 erit
572 2307 635 2396 pest
649 2308 814 2396 legitimum
835 2320 926 2371 natus
936 2333 946 2370 r
956 2303 1083 2394 filius?
1105 2311 1190 2396 atqui
1205 2335 1265 2376 nun

227 2395 284 2457 erit
306 2406 375 2457 ante
397 2393 542 2480 legitimos
556 2408 666 2458 natus:
690 2418 782 2482 quare
793 2392 828 2480 fi
840 2391 940 2458 verbis
956 2393 1030 2482 legis
1039 2393 1123 2480 stari
1138 2419 1196 2458 non
1208 2411 1263 2484 po-

175 2504 213 2540 ror
228 2478 288 2566 ἰῷ,
304 2477 461 2543 voluntate
471 2479 618 2563 standum
632 2478 681 2564 est.
725 2481 799 2542 Nec
842 2499 1013 2564 numquam
1038 2481 1160 2558 turbet,
1175 2479 1264 2566 quod

227 2586 268 2628 ex
283 2585 349 2628 una
362 2563 436 2652 lege
451 2563 516 2628 duo
532 2565 626 2628 status
643 2565 719 2628 liant
733 2589 746 2640 r,
765 2502 884 2650 duplex
898 2565 952 2642 est,
967 2563 1013 2628 ita
1035 2560 1100 2629 vim
1127 2564 1263 2630 duarum

227 2649 337 2715 habet.
382 2649 497 2713 Redire
513 2649 545 2714 in
561 2649 713 2714 familiam
731 2647 850 2713 volenti
872 2647 990 2713 dicitur
1009 2651 1050 2715 ab
1066 2649 1178 2729 alteru,
1193 2650 1263 2714 Pri-

167 2746 170 2764 ·
228 2747 333 2814 mum,
356 2734 397 2798 Ut
413 2735 468 2798 tibi
488 2732 585 2797 redire
601 2733 699 2814 liceat,
716 2735 905 2821 haeressumt
928 2733 1014 2798 idem
1038 2737 1145 2819 status,
1159 2736 1215 2820 qui
1230 2736 1265 2800 in

229 2819 385 2906 petitione
399 2817 558 2886 abdicarit
584 2820 737 2906 quaeritur
752 2819 849 2900 enim,
865 2819 922 2885 An
933 2819 1018 2969 pppfit
1032 2821 1085 2908 effe
1098 2821 1192 2884 haercs
1207 2823 1263 2884 ab·

174 2903 403 2970 amicarum?
436 2902 594 2992 Adjicitur
618 2903 876 2969 cummunitera
903 2904 969 2969 duo
995 2927 1042 2983 us,
1074 2902 1182 2968 Redire
1210 2907 1266 2970 tibi

230 2993 263 3056 in
273 2989 443 3142 {amilium
465 3015 523 3054 non
544 2990 622 3072 licet,
638 3015 696 3055 non
719 2991 795 3054 enim
815 3001 905 3078 pater
916 2989 987 3076 fine
1014 2990 1114 3055 liberis
1138 2991 1263 3078 decqffit.

229 3079 270 3142 Se
322 3078 356 3142 irr
379 3077 442 3142 hoc
464 3075 591 3163 propria
638 3076 748 3163 uisque
769 3097 880 3140 eorum
904 3076 1077 3162 quaestione
1099 3075 1262 3142 niteturx:

227 3163 308 3228 alter
331 3162 418 3228 enim
446 3163 545 3242 dicet,
576 3101 763 3228 abdicatum
787 3181 917 3248 quoque
942 3161 1026 3226 inter
1051 3163 1170 3228 liberos
1192 3163 1264 3244 elle,

228 3261 262 3314 et
282 3261 509 3336 argumentum
532 3247 630 3312 ducet
651 3271 691 3314 ex
715 3247 789 3334 ipsa,
804 3269 869 3332 qua
889 3247 1063 3333 repellitur,
1086 3247 1179 3336 lege:
1212 3250 1264 3314 lir-

227 3351 424 3420 pervacuum
452 3333 539 3399 euim
569 3332 658 3398 suille
684 3331 848 3422 prohiberi
877 3333 975 3418 patris
1008 3333 1102 3398 bonis
1133 3335 1265 3402 abdica-

229 3431 312 3498 tum,
328 3418 349 3482 st
365 3419 441 3484 ellet
452 3437 586 3483 numero
600 3413 796 3484 alienorumt
820 3439 907 3482 nunc
921 3417 996 3504 quia
1009 3419 1067 3483 filii
1084 3419 1157 3506 jure
1172 3421 1264 3484 futu-

229 3524 284 3568 rus
306 3503 403 3568 fuerit
427 3503 563 3568 intestati
585 3504 700 3583 haeres,
715 3503 888 3602 oppostam
911 3504 971 3567 elle
992 3504 1112 3591 legem,
1128 3529 1200 3590 quae
1215 3521 1264 3570 ta-

175 3620 217 3668 103
231 3613 306 3654 men
322 3611 387 3654 non
402 3588 435 3654 id
450 3589 576 3667 efficiat,
593 3613 634 3654 ne
655 3589 738 3661 filius
753 3594 800 3667 tu,
817 3587 870 3652 sed
891 3610 932 3652 ne
943 3589 1047 3653 haeres
1063 3589 1110 3655 fir.
1156 3593 1266 3656 Status

230 3675 386 3755 finitivuS,
405 3673 510 3761 Quidy
523 3673 568 3762 stt
577 3673 700 3762 filius?
722 3673 841 3760 Rursus
865 3673 984 3738 nothus
1006 3673 1124 3739 eisdem
1139 3675 1267 3764 colligit

262 3858 466 3908 *disceffitlent
532 3857 680 3920 rregtrtmus
691 3855 955 3923 G.amanusec'.male.
1021 3859 1094 3910 ¹tint
1106 3861 1137 3909 G.
1182 3864 1267 3922 tquia

230 3925 336 3974 G..lens.
379 3922 529 3987 ”legendum
540 3924 680 3986 adoptatus:
699 3924 749 3972 vid.
762 3942 797 3974 no.
846 3928 962 3974 '‘nititur
972 3927 1003 3976 G.
1052 3927 1136 3976 tVzd.
1149 3926 1191 3990 leg.
1203 3930 1266 3990 quis.

249 4099 328 4134 Ιιοι.
351 4084 645 4155 quaritur-abdicatus]
665 4087 722 4136 Hoc
771 4085 825 4138 Nili
849 4087 885 4138 ita
907 4080 998 4156 scripsit
1046 4087 1217 4153 rutulianus,
1241 4101 1268 4144 at

227 4152 280 4220 jam
309 4169 358 4204 non
387 4157 528 4226 qrraeriturr
565 4155 724 4223 querebatur
773 4169 838 4208 certe
854 4155 961 4220 debuit,
983 4167 1008 4207 at
1026 4175 1043 4206 a
1059 4158 1154 4212 dicatus
1172 4159 1220 4222 illi,
1236 4173 1268 4213 ut

231 4221 316 4292 puullo
327 4235 384 4276 ante
396 4226 413 4276 s.
428 4230 471 4294 98.
503 4225 584 4277 Modo
596 4223 657 4275 illud
669 4225 723 4293 agi·
773 4225 841 4287 soler,
851 4225 942 4278 excidit
952 4242 982 4276 ex
993 4228 1115 4295 proximo,
1125 4247 1181 4282 cum
1194 4231 1270 4301 adop·

232 4303 283 4355 tur,
294 4292 339 4364 An¹
345 4294 412 4363 poffit
428 4295 470 4366 ψ
481 4294 556 4346 lraeres
566 4293 723 4363 adoptatus?
771 4303 852 4346 tatum
864 4297 999 4369 deberetet
1010 4296 1093 4352 vellet.

781 4381 845 4451 N4
