3000 4908
419 395 587 462 merra.
608 395 810 460 ounron.
832 395 917 454 Lm.
939 395 976 455 v.
1001 415 1047 455 ιο.
1177 371 1238 478 2‘95

204 553 378 628 sedetiam
403 581 422 624 a
444 557 583 638 fictione,
602 559 714 645 quodu
741 557 847 624 Graeci
870 557 1079 620 xae’lao'nsea
1104 568 1233 622 vocant.
1322 603 1332 634 ,

204 640 248 708 Et
275 643 404 727 quidem
432 666 471 708 cx
499 645 649 709 omnibus
671 644 781 708 iisdem
805 643 896 721 locis,
921 641 1038 728 quibus
1064 641 1233 728 superiora,

152 719 192 804 96
205 725 282 810 quia
296 727 431 792 totidem
446 728 562 814 species
577 729 637 793 effe
658 728 783 816 poliunt
797 729 891 808 liciae,
907 741 988 814 quot
1009 747 1101 792 verae.
1143 728 1234 793 Nam
1311 802 1319 819 .

193 809 317 897 fingere
332 813 395 878 hoc
410 814 482 877 loco
497 816 539 878 est
554 835 729 902 proponere
748 813 879 900 aliquid,
898 812 1033 900 quod,sr
1055 834 1165 876 verum
1185 813 1233 894 fit,
1301 837 1304 840 ·

204 909 261 960 aut
285 895 384 964 solvat
406 899 624 997 quaestionem,
643 911 699 963 aut
720 897 868 984 adjuvet:
897 896 1012 962 deinde
1034 895 1141 976 id‚-de
1167 917 1234 983 quo

205 981 368 1064 quaeritur,
392 982 495 1047 facere
519 983 566 1047 illi
589 985 703 1048 fimile.
747 983 785 1048 ld
809 992 897 1070 quo’t
926 981 1051 1046 facilius
1075 981 1234 1069 accipiant

198 1061 334 1149 juvenes
348 1069 492 1134 nondum
505 1068 651 1133 ¹scholam
672 1069 792 1156 egrefli,
808 1067 912 1154 primo
932 1065 1141 1131 familiaribus
1160 1089 1232 1130 rna·

149 1148 268 1236 97gis,
290 1166 411 1236 quam²
436 1153 555 1222 ufitatis
577 1155 729 1239 exemplis
758 1152 932 1218 ostendam.
976 1153 1043 1216 Lex
1066 1153 1143 1232 est⁸,
1170 1151 1235 1237 Qui

199 1249 338 1320 parentes
352 1263 409 1302 non
430 1238 551 1318 alaerit,
567 1239 730 1304 vinciatur.
774 1240 851 1302 Non
870 1237 927 1302 alit
947 1237 1031 1334 quis,
1046 1243 1092 1300 et'
1104 1236 1235 1301 vincula

205 1318 416 1387 nihilominus
430 1325 564 1388 recusat.
609 1323 720 1389 Utitur
734 1322 914 1408 fidlione‚fi
924 1321 1057 1406 meliust
1068 1320 1233 1469 irpansfit,

194 1404 229 1487 fi
241 1405 411 1492 reipublicae
426 1409 523 1494 catffz
537 1409 622 1494 abſst.
660 1411 703 1472 Et
716 1407 771 1473 illa
786 1421 896 1472 contra
910 1406 1071 1492 optionem
1100 1407 1232 1486 ortium,
1258 1449 1260 1453 -

150 1483 191 1570 98
193 1487 230 1574 ſs
241 1493 426 1574 mranuidem
446 1505 528 1590 petat
540 1499 565 1574 a,
569 1495 603 1578 st
624 1493 791 1581 templorum
812 1492 994 1576 eoerfioncm.
1038 1489 1234 1556 Plurimum·
1313 1568 1317 1580 .

204 1595 269 1659 que
284 1597 383 1640 cares
400 1577 513 1641 vinum
529 1576 627 1642 habet
641 1591 751 1643 contra
763 1577 926 1664 scripturn.
970 1575 1083 1642 Utitur
1101 1576 1153 1640 hia
1173 1575 1232 1640 Ci-

206 1679 279 1722 cero
301 1683 359 1746 pro
385 1661 524 1742 Caecina,
557 1664 646 1728 Unde.
671 1676 713 1741 ta,
744 1675 797 1726 aut
817 1661 958 1748 familia,
982 1673 1037 1744 aut
1058 1674 1254 1752 procurator·

206 1755 284 1808 taus.
330 1747 364 1810 Si
379 1769 423 1809 mc
436 1747 555 1812 villicus
570 1762 636 1812 ruas
644 1748 733 1846 solta
747 1748 898 1836 dqeciſjet,
913 1772 971 1811 aaa
981 1759 992 1786 ⁰
1002 1745 1131 1830 familia
1152 1747 1233 1834 ἄψ·
1255 1755 1258 1768 “

70 1831 99 1864 ““
192 1827 293 1914 aiffa,
308 1844 341 1894 at
355 1832 466 1919 opinor,
480 1835 542 1919 sad
554 1833 664 1920 aliquis
688 1834 723 1896 de
732 1833 874 1920 familia.
920 1832 1044 1897 ›Si-vero
1067 1857 1103 1895 na
1125 1832 1245 1894 babeas-

225 1914 322 1979 aidem
333 1917 462 2002 ferroum
479 1931 593 2004 praeter
616 1942 690 1998 eam,
706 1919 756 2006 qai
776 1942 821 1981 ma
839 1916 990 2004 dejecerit,
1000 1929 1034 1980 ct
1053 1915 1115 1980 alia
1127 1915 1161 1979 in
1175 1937 1233 1980 eo·

151 2013 192 2091 99
205 1936 280 2062 dem
295 2001 378 2064 libro
392 2001 538 2087 plurima.
581 2005 703 2068 Verum
719 2003 830 2067 eadem
846 2002 932 2068 ficlio
946 2001 1032 2066 valet
1045 2013 1079 2064 et
1097 1999 1137 2064 ad
1151 2023 1233 2088 qua-
1279 2072 1281 2074 ,

205 2082 322 2162 litateS,
347 2087 381 2171 Si
408 2087 542 2152 Catilina
566 2113 629 2152 acm
645 2090 704 2176 suo
730 2087 844 2174 canstlio
868 2086 1051 2173 nefariorum
1073 2086 1233 2167 bominum,

225 2193 274 2232 uos
284 2173 387 2256 sacam
402 2173 514 2252 eduxit,
530 2175 586 2238 bac
600 2175 635 2237 da
655 2199 687 2236 re
704 2174 793 2263 pqffit
803 2173 956 2260 judicare,
973 2171 1174 2242 condemnaret
1189 2171 1232 2236 L.

142 2312 145 2314 ,
233 2255 392 2322 lamnam.
428 2261 470 2322 Et
485 2259 525 2324 ad
539 2281 591 2324 aur
612 2257 831 2337 dicationem,
849 2259 882 2322 Si
896 2259 948 2322 boc
962 2257 1016 2321 tibi
1029 2258 1105 2322 inter
1120 2281 1234 2322 canam

205 2337 238 2402 in
252 2339 313 2402 illis
327 2281 632 2492 immanibasl-pocalis
647 2344 706 2408 tait
726 2344 882 2441 accidssaf.
927 2343 979 2413 Sic
1000 2342 1094 2420 cusi
1115 2343 1240 2440 respub.

153 2453 195 2490 100
206 2447 305 2488 vacem
318 2427 448 2498 baberet.
527 2451 562 2495 aa
576 2428 641 2494 fere
655 2427 743 2494 sedes
764 2449 943 2514 accepimus
961 2425 1182 2512 probationum
1196 2448 1233 2492 rn

206 2509 407 2592 universum:
433 2535 511 2600 quas
526 2535 630 2602 neque
644 2514 820 2602 generatim
835 2512 959 2577 tradere
972 2513 1019 2577 sat
1028 2513 1082 2592 est,
1097 2533 1172 2593 cum
1191 2531 1234 2578 ex

162 2751 174 2770 “’
240 2751 345 2808 uquam
357 2747 388 2796 G.
399 2749 463 2797 Jens.
535 2747 683 2810 ’‘quodlid.
757 2740 1233 2810 aSiciialerVoffianusap.Barm.ma-

207 2809 287 2871 gisque
299 2830 313 2856 a
324 2813 389 2874 Regii
400 2813 521 2874 eonjeflura
531 2831 599 2864 amics
605 2814 679 2874 postea
695 2811 758 2860 editi.
831 2820 844 2848 Ι
861 2829 902 2860 om.
914 2811 945 2862 G.
954 2811 1018 2860 sens.
1092 2811 1103 2841 ὓ
1121 2819 1188 2874 petas
1199 2811 1232 2860 0.

208 2883 222 2930 ἢ
238 2877 350 2926 nou-de
359 2877 451 2926 familia
462 2895 503 2926 ota.
514 2878 577 2926 Jeul.
589 2888 612 2924 et
617 2877 693 2940 plures
703 2887 741 2940 ap.
754 2877 835 2925 Burni.

243 3071 458 3140 96.fizmiliaribus
467 3071 556 3141 magis,
565 3089 638 3142 quam
649 3071 693 3138 uſs-
742 3071 855 3125 ‘commus
866 3071 917 3143 effe,
928 3069 1060 3140 amafficros.
1076 3069 1177 3124 Recitat
1187 3071 1232 3126 de·

205 3141 276 3208 tatis]
314 3143 439 3196 Revocavi
460 3141 596 3204 terrionem,
617 3159 693 3211 quam
743 3142 799 3193 inde
817 3144 902 3204 verba,
920 3151 945 3192 et
965 3139 1078 3202 ostmdit,
1095 3143 1232 3210 quomodo,

205 3227 254 3264 non
270 3212 328 3264 satis
344 3211 444 3281 provide
460 3210 567 3282 Regius,
579 3211 694 3281 praeclare
742 3209 759 3262 sr
789 3211 830 3264 uis
846 3229 874 3264 ea
891 3227 916 3261 re
932 3209 1073 3273 deledietur,
1085 3209 1232 3266 calumniari

206 3279 299 3350 alioqui
317 3283 418 3334 meritus
435 3283 466 3334 de
483 3281 571 3342 Fabio,
582 3293 693 3333 mutave·
788 3298 827 3333 em
838 3281 926 3350 pollrt,

206 3359 255 3401 rat.
282 3351 330 3411 lis,
349 3353 393 3432 qui
411 3351 520 3403 nondum
540 3349 645 3402 scholam
668 3367 694 3402 e·
778 3369 821 3419 99.
840 3349 868 3402 Si
879 3348 1000 3416 Catilina]
1018 3349 1069 3403 Pro
1079 3351 1191 3406 Muraen.
1205 3369 1231 3404 c.

205 3418 276 3500 gralli
285 3419 348 3479 sunt,
356 3423 487 3482 Juventbus
496 3417 630 3502 {amiliaria
639 3419 694 3472 sunt
744 3437 786 3486 39.
806 3419 868 3472 illud
879 3419 992 3500 alterurn,
1005 3417 1033 3472 Si
1048 3417 1151 3502 bacjibi
1166 3421 1232 3473 inter

205 3485 637 3636 lelfftiblbl'lllbb
646 3498 693 3609 pi}
741 3488 1231 3630 tttttillltxnbbilllle

202 3627 445 3694 pramiisfhmum:
469 3627 553 3679 eadem
573 3645 631 3679 vero
649 3645 693 3697 pa·
742 3639 864 3696 quantum
884 3627 916 3678 ad
935 3626 1182 3690 sententiam,·Catil.
1205 3645 1231 3688 1,

193 3713 261 3748 ¹rum
272 3697 328 3749 sunt
345 3698 371 3749 in
386 3698 439 3748 vita
453 3707 530 3766 atque
541 3697 566 3748 in
578 3694 694 3764 foroafi·
744 3715 769 3762 7.
800 3697 830 3750 In
849 3697 918 3748 rinris
937 3695 1029 3749 nobilis
1047 3695 1081 3747 est
1100 3695 1232 3758 inarato

205 3775 269 3816 tata.
297 3769 346 3818 His
358 3767 436 3837 igitur
447 3766 566 3818 utendum
577 3765 610 3816 eli
624 3765 689 3836 apud
740 3783 785 3835 pro
796 3715 889 3818 Milon.
903 3783 926 3817 c.
941 3783 985 3832 29.
1004 3763 1097 3832 fingite
1107 3763 1232 3818 animis-

160 3901 161 3904 ¹
206 3835 261 3896 hos,
274 3838 318 3905 qui
337 3837 447 3888 nondum
464 3835 544 3888 schola
561 3835 692 3906 egressum
741 3836 786 3886 ubi
815 3837 861 3890 it'a,
880 3834 1017 3894 concludit,
1046 3833 1127 3902 Hujus
1153 3833 1232 3902 igim

156 3895 159 3906 '
206 3901 289 3956 forum
300 3906 410 3958 nondum
421 3905 520 3958 deducti
532 3905 597 3958 sunt.
741 3903 825 3960 martis
833 3903 925 3976 sedetis
945 3901 1042 3964 ultores,
1059 3903 1127 3982 crpus
1144 3903 1231 3959 vitam

242 3978 286 4040 98.
306 3975 387 4028 Cicero
399 3983 445 4044 pro
463 3972 574 4041 Caecina]
602 3991 627 4026 c.
648 3993 691 4042 ¹9·
734 3971 855 4041 fiputetis
868 3981 916 4042 pet·
926 3990 974 4030 vos
993 3971 1083 4044 restitui
1099 3971 1169 4042 Μή
1187 3991 1231 4026 na-

206 4043 250 4094 ubi
268 4045 375 4096 versatur
393 4045 419 4096 in
436 4044 483 4096 hoc
499 4055 653 4112 argumento,
667 4041 695 4094 si
741 4041 815 4096 litis?
840 4045 901 4096 item
920 4042 964 4094 illa
986 4059 1033 4112 pro
1044 4041 1121 4096 Com.
1139 4041 1233 4106 Balbo,

186 4110 232 4163 .in
249 4113 336 4164 verbis
346 4115 389 4182 jus
407 4114 582 4182 corstituamus,
604 4129 695 4165 amnem
743 4129 767 4164 c.
781 4113 807 4162 6.
837 4111 865 4166 Si
882 4090 928 4170 Cir
946 4111 980 4164 Po
1034 4110 1072 4163 ius
1087 4110 1175 4166 abhinc
1184 4129 1230 4166 aar·

205 4179 335 4238 utilitatem
347 4185 388 4234 nas
404 4181 474 4253 bajus
489 4181 621 4244 interdicii,
635 4183 695 4250 (un·
743 4183 935 4255 nosqaingaenlos
944 4119 1090 4252 suissi&-
1118 4201 1121 4226 r

205 4251 236 4304 de
255 4253 280 4306 vi
298 4252 361 4320 dcc.)
381 4251 439 4314 dum
458 4250 556 4324 versuti
570 4261 595 4304 et
614 4249 697 4306 callidi

754 4317 894 4405 υς)-
