3000 4908
307 908 380 1004 M.
407 907 595 1004 narn
630 848 1204 1001 oorncrrnmnr

719 1169 767 1212 DE

356 1333 792 1442 insnrrnrronir
826 1365 1134 1444 oratoria

572 1571 918 1659 trabasnxrns,

602 1897 894 1954 Paommrnm.
1005 1955 1009 1967 ,

221 2047 384 2159 -HAEC‚
400 2080 556 2146 Marcelle
569 2080 704 2160 viatori,
719 2102 759 2144 ex
773 2093 852 2143 tna·
874 2079 1035 2144 voluntate
1050 2082 1186 2146 mairi'rne
1208 2084 1258 2147 in-

238 2170 391 2256 greflnst
408 2182 476 2230 turn
493 2167 512 2230 fi
529 2187 594 2252 qua
607 2188 646 2229 ex
668 2165 814 2229 nobis'ad
832 2164 968 2251 juvenes
982 2165 1084 2230 bonos
1121 2170 1262 2232 ervenir‘e

191 2295 194 2299 -
238 2254 339 2337 posset
352 2253 484 2330 utilitas,
498 2251 660 2316 novissime
673 2272 754 2335 pene
767 2261 822 2314 et‘
842 2249 1019 2314 necessitate
1032 2189 1169 2336 quagam
1191 2253 1260 2316 offi-

218 2338 283 2400 ¹eii
295 2335 436 2422 delegati
457 2335 551 2413 mibi,
564 2335 671 2398 sedulo
693 2334 887 2412 laborabam,
902 2333 1068 2419 respiciens
1090 2351 1196 2404 tamen
1220 2339 1261 2401 ii-

240 2420 305 2482 iani
320 2442 428 2484 curam
441 2442 522 2483 meae
538 2419 720 2504 voluptatis,
735 2419 814 2504 quit
840 2419 918 2497 silio,
932 2417 1023 2504 cujus
1044 2422 1187 2484 eminens
1211 2422 1261 2485 in·
1388 2499 1390 2506 Ι

285 2503 373 2567 nium
387 2504 541 2568 solicitam
552 2525 679 2590 quoqne
692 2503 847 2602 parentise
857 2503 1056 2651 dilipentiam
1071 2507 1262 2587 merebatur,
1357 2529 1359 2534 ·

240 2525 323 2654 sinc
338 2589 490 2675 optimam
506 2604 626 2674 partem
646 2588 812 2658 relisturus
833 2587 909 2651 bere
933 2588 1019 2652 itatis
1038 2588 1188 2654 videbar:
1211 2604 1261 2672 ut,

242 2673 262 2738 fi
283 2685 349 2751 ine,
365 2673 453 2758 quod
468 2673 617 2758 ae'qunmf
639 2687 677 2736 et.
688 2671 828 2757 optabile
845 2670 918 2751 fuit,
933 2671 999 2736 fata
1019 2673 1262 2758 intercepissent,

212 2771 432 2856 apraeoeptore
447 2773 553 2820 tamen
590 2770 655 2820 atre
669 2770 820 2830 uteretur.
847 2761 893 2849 At
906 2779 959 2820 me
973 2756 1100 2822 fortuna
1114 2759 1149 2822 id
1162 2781 1263 2848 agen-
1367 2803 1370 2810 ·

140 2882 142 2885 -
242 2857 308 2906 tern
325 2843 437 2905 drebus
452 2863 489 2905 ac
509 2863 551 2904 no
585 2842 668 2919 ibus,
683 2841 941 2926 festinantemque
960 2855 1149 2906 metumeae
1175 2867 1263 2908 mor·
1355 2879 1358 2884 v

242 2926 386 3005 talitatis,
406 2927 450 2989 ita
471 2923 574 2998 subito
597 2926 769 3012 prostravit,
790 2939 828 2994 ut
851 2925 966 2994 laboris
989 2926 1198 3002 meismetus
1224 2931 1265 2996 ad

244 3011 405 3082 neminem
426 3010 544 3086 minus,
560 3034 655 3096 quarn
680 3010 720 3074 ad
740 3032 804 3086 me,
819 3009 1000 3096 pertineret.
1046 3011 1144 3076 Illum
1166 3014 1264 3096 enim,

240 3096 362 3181 dequo
377 3095 499 3160 summa
512 3117 727 3181 conceperam,
742 3108 776 3158 et
790 3095 823 3158 in
838 3116 903 3181 quo
916 3094 1002 3180 spem
1017 3096 1143 3161 unicam
1157 3097 1265 3164 senec·
1336 3155 1338 3160 .

228 3181 323 3244 tutis
337 3193 441 3244 meaeg
454 3181 657 3266 reponebam,
672 3178 827 3264 repetito¹¹
848 3179 979 3244 vnlnere
1001 3181 1146 3246 orbitatis
1167 3185 1275 3250 amisi:

212 3265 335 3344 3Quid
350 3288 435 3330 nunc
451 3269 565 3353 agam?
590 3281 646 3330 aut
659 3267 755 3352 quem
768 3263 852 3334 ultra
867 3264 927 3328 esse
942 3263 1031 3332 usum
1047 3267 1123 3346 mei,
1140 3266 1201 3334 diis
1215 3291 1265 3340 re-

278 3486 417 3534 ²suaJens
482 3485 625 3548 *ingrersus
636 3487 785 3549 sum,tiqua
796 3486 887 3546 adinv.
898 3487 929 3536 G.
993 3481 1095 3534 e'etiarn
1107 3488 1139 3535 G.
1182 3488 1267 3548 dqna

245 3549 308 3596 sens.
325 3563 373 3610 qua
384 3551 426 3596 vel
435 3553 499 3612 quod
509 3553 565 3614 conj.
577 3553 633 3612 Reg.
755 3566 765 3589 e
785 3553 920 3614 parentibus
931 3551 962 3598 sd.
977 3567 993 3600 a
1003 3553 1139 3614 parentibus
1149 3552 1202 3615 conj.
1211 3555 1267 3614 ch.

241 3613 257 3688 '¹'
271 3628 412 3681 peraequum
422 3615 454 3663 G.
520 3613 589 3662 tom.
600 3616 704 3664 miens.
767 3613 921 3678 irepentino
931 3616 962 3663 G.

283 3827 308 3860 r.
327 3807 394 3874 officii
403 3808 520 3878 delegari]
534 3809 679 3862 instituendi
690 3829 732 3862 ne·
779 3812 986 3866 xirirnmiibrum
1003 3811 1138 3862 observavit
1153 3811 1192 3862 vir
1208 3811 1267 3863 doc-

246 3889 316 3946 potee
333 3879 420 3930 sororis
438 3880 587 3930 Domitiani.
607 3881 656 3931 vid.
676 3899 732 3950 pro·
781 3881 901 3934 tissimus:
921 3881 959 3932 sed
977 3881 1017 3932 hic
1034 3884 1130 3951 potiora
1146 3882 1220 3932 modo
1232 3881 1268 3932 io·

245 3961 309 4004 orm.
324 3947 381 3998 iibri
393 3965 420 4011 4.
781 3967 840 4002 cum
851 3945 987 4012 insaniunt,
999 3951 1038 4002 vel
1049 3951 1080 4001 ad
1092 3952 1137 4001 hoc
1150 3962 1179 4001 ut
1196 3949 1268 4002 intel-

230 4027 249 4046 ·’
286 4035 309 4066 ι.
334 4015 482 4084 voluptatis]
507 4019 556 4069 Pro
571 4035 657 4069 curam
674 4031 734 4069 mea
782 4020 885 4088 ligatur,
896 4020 974 4084 muita
986 4020 1066 4078 adhue
1079 4022 1110 4072 ab
1124 4019 1168 4078 ilio
1181 4021 1271 4099 sperati

175 4109 178 4113 ·
247 4083 384 4152 voluptatis
404 4086 474 4138 malit
492 4087 568 4138 Heus.
589 4104 655 4137 curae
675 4105 734 4138 meae
783 4087 856 4160 posse.

231 4191 235 4196 -
248 4153 409 4221 voluptatem.
437 4155 513 4210 Plura
525 4156 631 4210 adhunc
644 4169 668 4209 et
676 4173 734 4227 pro·
