2870 4916
377 387 431 448 IN
436 387 551 451 s'rtt'.
572 385 780 452 ORATOR.
800 385 884 452 ΗΒ.
900 388 970 453 101·
1161 408 1192 472 9

153 549 299 618 mutatus
311 549 368 629 ess,
381 549 450 619 elui
464 551 601 638 possunt.
646 555 690 622 Et
702 553 778 640 luen¹
789 551 854 640 ipss
867 573 920 618 mn
945 551 973 618 ‘a
991 549 1277 639 pertinaciter-

152 637 292 717 herent,
307 659 381 723 que
393 636 553 706 deteriora
571 637 656 706 sunt.
699 640 788 706 Nam
810 639 895 708 bonu
928 637 1008 705 acilo
1029 651 1196 706 mutantur

151 720 184 788 in
207 721 324 809 pejus:
350 723 458 792 num:i
481 723 611 811 quando
633 722 667 790 in
689 725 811 793 bonnm
835 723 965 790 verteris
987 723 1085 788 vitis?
1115 725 1194 790 Nou

152 807 318 878 adsuescat
340 829 377 880 er
421 829 489 889 ‚ne
514 809 591 874 dum
615 809 719 878 insano
741 809 873 898 quidem
894 811 949 888 esl',
969 809 1117 888 sermoni,
1138 810 1196 898 qui

151 830 422 991 dediscendussss
433 895 454 958 ¹.
499 895 537 964 In
555 897 740 981 parentibus
755 917 831 964 vero
845 893 1117 982 quamplurimum
1134 893 1195 962 esso

119 977 350 1051 dorudrtionis
373 980 559 1070 optaverim.
603 982 727 1048 Verum
752 1003 811 1048 nec
836 980 877 1046 de
900 981 1041 1067 patribus
1068 993 1194 1046 tamum

153 1063 285 1148 loquor.
331 1066 420 1133 Nam
439 1065 686 1134 Gracchorumm
706 1066 900 1153 eloquentie
914 1066 1055 1132 multum
1077 1081 1196 1132 contu·-

153 1149 222 1221 lilse
242 1135 429 1236 aeespimus
450 1144 803 1231 Corneliam³matrem,
819 1149 910 1251 cujus
922 1151 1118 1218 donisfimus
1133 1153 1196 1218 ser·
1222 1159 1228 1184 '

153 1257 211 1302 mo
225 1234 260 1298 in
275 1237 416 1320 polleres
431 1257 564 1324 quoque
576 1238 618 1302 est
632 1237 768 1322 epistolis
782 1237 919 1302 traditus
932 1261 941 1302 ι
964 1249 998 1302 et
1019 1237 1116 1304 Lelii
1132 1236 1197 1304 filis

153 1319 329 1388 reddidisse
352 1320 386 1386 in
410 1321 571 1408 loquendo
595 1337 759 1408 paternam
787 1321 1030 1409 eloquentiamn
1054 1321 1202 1398 dieiturr¹

154 1418 190 1472 ot
209 1405 333 1477 Quinti
354 1407 516 1475 Hortensi
538 1407 612 1476 filiae'
628 1408 734 1474 oratio
753 1408 840 1493 apud
858 1406 1058 1472 Triumviros
1075 1406 1294 1507 habirpmd

123 1490 280 1578 7legitur
304 1513 372 1556 non
396 1505 522 1562 tantum
545 1493 579 1558 in
603 1494 695 1560 sexus
718 1493 887 1568 honorem.
930 1493 1004 1560 Nec
1027 1475 1199 1571 tames‘u,

156 1579 277 1662 quibus
291 1577 412 1644 discere
425 1577 497 1665 ipss
512 1600 576 1644 non
592 1579 742 1665 contigit,
758 1575 917 1645 minorem
932 1600 1039 1644 curam
1060 1577 1199 1646 docendi

156 1662 278 1761 liberos
288 1663 455 1761 ‘habeontr
478 1663 530 1728 sed
547 1665 605 1728 sint
620 1679 746 1762 propter
760 1665 824 1730 hoo
837 1663 938 1750 ipsum
953 1663 993 1728 ad
1009 1675 1115 1761 cetera
1127 1686 1199 1762 rna-

100 1749 1199 1922 <10ussurus?rinnaurrnrdrrlrnlt

124 1913 145 1978 8
159 1919 211 1986 De
227 1919 417 2006 pedagogis
427 1921 490 1988 hoo
504 1919 654 2005 amplius,
663 1935 701 1988 ut
711 1932 768 1988 aut
782 1921 841 1985 sint
851 1919 971 1984 eruditi
984 1919 1090 2004 plane,
1101 1941 1200 2004 quam

181 2004 299 2072 rimam
314 2006 375 2072 osse
389 2028 498 2074 curam
515 2005 630 2074 velim:
647 2018 714 2085 aut,
729 2007 760 2070 so
775 2027 840 2070 non
854 2004 915 2070 esse
929 2003 1072 2070 eruditos
1086 2003 1198 2070 sciant.

158 2025 256 2159 luihil
270 2091 359 2162 enim
381 2091 472 2176 po‘us
486 2092 529 2156 est
543 2090 595 2170 iis,
608 2091 666 2178 qui
721 2091 823 2156 ullum
837 2088 961 2189 aliquid
982 2089 1068 2156 ultra
1081 2089 1199 2188 primas

158 2175 270 2246 literas
311 2115 449 2264 rogrelsr,
464 2175 570 2244 falsam
594 2177 649 2242 srbi
681 2177 811 2242 cientiae'
830 2174 1057 2263 persuasionem
1083 2175 1283 2240 induem-

157 2275 247 2334 runt
288 2199 381 2333 llam
405 2275 439 2328 et
465 2259 578 2330 cedsre
603 2261 812 2350 praeoipieudi
836 2261 947 2348 peiitis
976 2259 1198 2346 indignantur,

158 2359 194 2420 et
215 2347 308 2424 uolut
321 2347 398 2434 jure
418 2347 558 2434 quodam
580 2349 754 2434 potestatis,
769 2369 834 2447 qua
854 2345 921 2412 sere
942 2345 1006 2410 hoo
1028 2345 1199 2412 hominnm

159 2453 267 2520 genus
281 2433 477 2512 intumescit,
491 2431 649 2519 imperiosi
663 2443 761 2521 atque
779 2431 908 2500 interim
927 2431 1103 2511 saevientes,
1120 2431 1270 2496 nuru-

160 2517 268 2585 titiam
281 2519 369 2586 suom
384 2517 595 2604 perdomnrr.
639 2521 714 2584 Neo
734 2517 841 2582 minus
862 2538 949 2582 error
967 2537 1077 2582 eorum
1102 2527 1200 2588 nocet

127 2604 319 2686 9rnoribus.
363 2603 531 2690 Siquidem
552 2605 713 2670 Leonides
733 2602 911 2670 Alexandri
931 2601 1140 2688 pedagogus,
1160 2617 1201 2668 ut

159 2712 180 2759 a
195 2687 377 2775 Babylonio
396 2689 547 2776 Diogene
561 2689 711 2769 traditur,
726 2688 916 2776 quibusdam
937 2709 1013 2752 eum
1035 2687 1121 2752 vitiis
1136 2689 1200 2752 im·

161 2774 248 2854 buit,
263 2797 338 2861 quae
351 2775 514 2840 robustum
552 2797 661 2862 noque
674 2785 708 2838 et
726 2775 815 2860 inmq
838 2774 1014 2838 maximum
1030 2792 1139 2856 regem
1158 2773 1201 2838 ab

107 2860 219 2927 roilla
238 2859 437 2928 institutione
457 2797 571 2945 puerili
587 2859 660 2924 sunt
674 2860 852 2946 prosecuta.
895 2857 930 2922 Si
950 2856 1004 2922 cui
1025 2855 1130 2920 multa
1152 2858 1200 2922 vi·

161 2944 242 3012 deor
256 2945 307 3011 exi
330 2937 398 3024 Vre,
409 2946 535 3032 cogitet
548 2959 706 3010 oratorem
722 2943 854 3024 institui,
865 2964 933 3008 rem
946 2940 1089 3020 arduam,
1101 2941 1204 3032 etiam¹

161 3052 239 3096 curn
254 3031 285 3094 ei
313 3030 468 3096 ormando
482 3030 564 3096 nihil
578 3029 737 3111 desuerit3
759 3043 911 3116 praeterea
929 3027 1018 3115 plura
1031 3048 1069 3090 ao
1082 3026 1203 3094 diffisi·-

160 3115 244 3186 liora
256 3116 420 3203 superesse.
452 3101 540 3183 Nain
552 3127 587 3180 et
601 3115 702 3182 sludio
713 3127 884 3214 perpetuo,
900 3127 934 3178 et
948 3113 1200 3199 praeslantiffiruis
1211 3151 1280 3163 ---·

105 3211 146 3264 11
162 3201 427 3289 preceptoribus,
441 3214 476 3266 et
488 3199 634 3287 pluribus
651 3201 825 3288 disciplinis
839 3189 924 3286 opus
933 3199 988 3264 est.
1027 3199 1200 3286 Quaprop-

162 3301 213 3351 ter
227 3285 440 3378 praecipienda
453 3287 525 3351 sunt
538 3287 681 3436 optima:
704 3309 778 3374 quae
794 3286 813 3349 sr
831 3285 903 3372 quis
923 3283 1118 3372 gravabitur,
1135 3305 1200 3348 non

160 3372 279 3438 rationi
306 3370 458 3453 desuerit,
481 3371 533 3436 sed
582 3371 695 3438 omini.
740 3372 774 3436 Si
799 3383 907 3466 tamen
930 3390 996 3434 non
1018 3369 1201 3457 continget,

157 3608 161 3612 -
195 3579 282 3630 ¹nam
294 3581 326 3629 G.
336 3591 359 3628 er
369 3581 432 3630 lens.
440 3581 513 3646 forte,
525 3594 586 3630 uum
620 3579 701 3630 uaudo
716 3579 739 3626 b.
752 3577 917 3644 sasprando:
926 3576 1040 3645 fircurrir
1055 3573 1116 3624 illud
1128 3591 1202 3627 num·

163 3647 336 3710 quemeC0d.
349 3645 470 3694 Almelov.
535 3645 594 3694 ‘eli
603 3595 636 3692 g
702 3651 720 3674 “¹
740 3645 889 3696 Graecorum
903 3641 934 3692 G.
1000 3641 1206 3702 ”elegantiorem

164 3712 206 3775 r'rfi
218 3712 249 3760 G.
274 3713 316 3774 Est
327 3711 443 3774 abscisso,
455 3711 495 3775 qui
505 3709 554 3758 ‘rim
565 3710 631 3756 verbi
646 3709 769 3758 reddidisse
779 3725 820 3756 non
830 3707 964 3774 «fflquutur,
975 3705 1013 3752 dee
1031 3724 1042 3752 e
1057 3706 1146 3772 aliquid
1154 3718 1202 3770 pu·

165 3787 233 3824 taret.
300 3777 313 3804 ⁰
330 3777 371 3826 δίε
382 3775 413 3822 G.
426 3787 447 3823 er
457 3775 522 3826 lens.
532 3789 582 3838 quo
593 3775 625 3824 al.
689 3776 806 3824 »docem
817 3773 849 3821 G.
914 3780 987 3818 som.
1023 3771 1103 3820 ..lens

201 3943 227 3992 ⁶.
245 3939 273 3994 in
287 3941 368 4010 sexus
384 3936 508 4004 hannem]
538 3939 596 3990 Hoc
616 3937 659 3998 est,
708 3937 778 4006 gitur
790 3936 872 3988 oratio
885 3929 1037 3996 Hortensrae3
1055 3931 1094 3985 sed
1112 3933 1200 3996 itaut

165 4028 223 4062 rum
234 4011 315 4070 venia,
327 4020 357 4060 ur
368 4007 471 4059 subinde
481 4009 630 4076 cogitemus,
643 4006 660 4058 ti
707 4005 860 4058 summorum
877 4005 986 4058 virorum
1004 4001 1072 4062 libri,
1087 4005 1123 4056 uti
1139 4005 1221 4058 doe„

166 4081 242 4150 perse
254 4079 341 4150 magni
356 4077 497 4132 aesliunnda
508 4095 557 4130 non
569 4075 607 4140 fit,
620 4087 660 4128 ta·
707 4076 783 4128 tiores
794 4076 850 4128 inde
861 4073 975 4126 meliores
987 4089 1019 4124 ue
1030 4074 1184 4128 recedamus.

165 4167 220 4205 men
232 4148 441 4206 velbocnomine
457 4145 594 4200 adversione
606 4148 660 4200 ani-
746 4163 789 4196 ιι.
805 4162 852 4196 non
863 4141 955 4196 rationi
986 4140 1083 4209 fierit]
1104 4145 1199 4213 Siquis

165 4221 323 4276 minostridi
360 4215 466 4278 emese,
480 4213 659 4286 qnodafemi·
707 4211 1201 4296 optimailla,qureprecipimusetprae.

164 4307 196 4345 na
212 4293 304 4366 scripta
353 4302 426 4354 ,nos
441 4287 487 4348 ira,
500 4287 612 4356 inquam,
625 4285 658 4345 le·
708 4281 1065 4362 crpiemrp22rarabitru,.hoc
1076 4281 1201 4352 obtutui.
