3000 4908
244 371 305 436 ru
477 353 524 420 tt.
544 347 669 420 onon
690 341 1038 420 outuctrtmttt

243 519 384 584 maxime
398 519 564 606 quaeritur,
580 543 620 584 an
635 519 733 586 simile
749 519 796 600 lit,
812 519 900 608 quod
919 521 1063 588 infertur.
1107 517 1213 586 Etiam
1234 518 1271 586 ist

244 604 309 670 illis
331 605 632 693 interrogationibus
651 607 833 684 Socraticis,
848 627 982 692 quarum
1038 603 1106 670 ullo
1119 617 1191 670 ante
1206 603 1269 672 leci

243 690 453 770 mentionem,
469 687 656 770 cavendum,
673 713 712 754 ne
738 693 864 756 incaute
886 689 993 776 respon
1017 712 1092 754 eas:
1123 701 1161 754 ut
1184 689 1269 776 opud
1313 763 1320 770 ‚

242 775 429 840 AEschinem
445 775 639 840 Socraticum
661 775 745 838 male
766 775 947 861 responditc
969 777 1018 840 As
1053 775 1129 840 srae‘
1155 776 1267 840 Xeno·

242 857 373 945 phontis
387 882 477 938 uxor,
492 861 579 946 quod
595 860 708 924 Cicero
731 859 781 924 hie
800 859 904 924 verbis
926 871 1011 924 trans
1025 871 1085 938 ert,
1102 859 1163 922 Die
1182 860 1266 938 mihi,
1279 853 1321 916 28

242 947 350 1030 queso,
365 945 565 1032 Xenophontis
578 967 664 1024 uxor,
675 945 710 1028 st
721 943 822 1008 vicino
836 957 888 1007 tua
909 944 1012 1008 melius
1026 945 1135 1008 habeat
1148 967 1268 1023 eurum,

241 1051 330 1116 quom
344 1039 378 1092 tu
392 1031 490 1110 habes,
503 1043 604 1094 utrum
617 1043 629 1070 ²
644 1029 738 1109 illius,
755 1053 797 1092 arr
816 1039 897 1092 tuum
918 1027 1006 1094 malis
1018 1032 1054 1092 f?
1075 1029 1162 1094 Illius
1174 1043 1201 1107 ⁸,
1216 1030 1265 1092 in·

241 1113 317 1200 quit.
363 1115 471 1180 Quid?
481 1115 513 1200 st
534 1113 636 1200 vestem
659 1125 686 1177 et
705 1125 828 1178 ceterum
842 1125 976 1178 ornatum
991 1113 1158 1178 muliebrem
1177 1113 1267 1200 pretii

240 1199 359 1286 nemoris
373 1200 494 1277 habeat,
507 1223 596 1286 quam
610 1212 643 1264 tu
657 1199 757 1277 babes,
774 1209 865 1276 tuum,
881 1223 922 1262 an
936 1198 1019 1262 illius
1039 1199 1158 1262 molis?
1179 1197 1266 1262 Illius

239 1307 322 1362 vero,
337 1285 492 1370 respondit.
538 1285 619 1369 Age,
635 1284 743 1370 inquis,
753 1285 789 1368 st
807 1283 906 1346 virum
921 1283 975 1346 illa
989 1283 1131 1347 meliorem
1146 1283 1264 1362 babeat,

239 1391 329 1455 quam
345 1369 489 1448 trabales,
504 1369 662 1432 otmunt
677 1381 769 1448 tuum,
785 1393 825 1431 an
840 1367 922 1431 illius
936 1367 1051 1432 malis?
1073 1367 1138 1431 Hic
1152 1367 1266 1432 mulier
1277 1377 1317 1447 29

239 1453 369 1518 erubuit
383 1453 519 1518 merito:
543 1453 625 1516 male
646 1453 732 1518 enim
755 1451 1006 1538 respondemus&
1027 1450 1117 1516 malle
1135 1451 1265 1516 alienum

238 1543 376 1614 cummi,
396 1562 484 1624 quam
494 1540 607 1684 suum:
634 1559 708 1600 nam
730 1539 774 1602 est
795 1537 829 1602 id
850 1536 1044 1623 improbum.
1087 1537 1146 1616 At,
1170 1535 1189 1600 st
1212 1559 1263 1602 re-

236 1621 417 1707 spondisset,
432 1622 495 1686 mol
507 1647 522 1684 e
531 1625 569 1708 s⁶
592 1647 698 1686 aurum
709 1623 800 1708 suum
822 1619 882 1684 tale
896 1621 961 1719 effe,
976 1621 1065 1709 quale
1085 1621 1166 1684 illud
1184 1623 1262 1708 effet,

236 1706 384 1792 potuisset
398 1709 513 1792 pudice
528 1705 723 1793 respondete,
738 1705 869 1793 mallese
882 1708 1081 1856 vtmmsuum
1096 1701 1184 1770 talem
1198 1709 1262 1793 effi,

235 1792 336 1878 qualis
350 1793 450 1856 melior
464 1794 540 1878 ipset.
585 1789 660 1856 Scio
674 1789 825 1890 quosdam
842 1791 927 1854 inani
950 1791 983 1855 di
996 1791 1118 1878 igentia
1131 1812 1187 1877 per
1200 1791 1260 1855 mi·
1270 1803 1317 1870 go

236 1875 409 1942 nutillrmas
425 1875 479 1940 ista
493 1889 596 1962 partes
609 1875 747 1954 secuisse,
762 1889 796 1938 et
811 1873 870 1939 else
884 1875 1004 1962 aliquid
1021 1876 1130 1940 minuo
1150 1875 1261 1956 imile,

236 1973 274 2026 ut
287 1961 379 2046 fimia
402 1962 522 2041 homini,
535 1975 569 2026 et
582 1972 620 2026 ut
638 1982 796 2026 marmora
817 1958 993 2026 deformata
1014 1959 1116 2046 prima
1140 1982 1259 2025 manu:

234 2045 356 2132 aliquid
370 2045 453 2132 plue,
468 2057 506 2110 ut
520 2045 610 2122 illud,
626 2045 695 2110 Non
709 2067 796 2109 ovum
811 2043 974 2129 tamstmile
988 2069 1057 2110 ovo:
1081 2057 1115 2108 et
1129 2043 1261 2110 diffimi-

233 2129 321 2196 libus
335 2129 430 2194 inesse
444 2131 554 2208 limile,
570 2143 607 2194 ut
621 2131 663 2194 est
676 2131 683 2169 ¹
687 2129 830 2214 formica
843 2144 877 2192 et
890 2129 1042 2217 elephanto
1056 2150 1172 2218 genus,
1186 2129 1261 2216 quie

169 2299 173 2306 ἡ
233 2213 308 2280 sunt
321 2215 490 2278 animaliar
513 2228 547 2278 et
562 2214 714 2280 fimilibus
728 2213 886 2294 diffimile,
902 2227 951 2294 ut,

317 2349 577 2414 ——Canibas
592 2351 714 2432 catulos,
728 2362 757 2412 et
770 2347 915 2415 matribus
929 2349 1047 2433 hoedos;
1061 2329 1063 2334 Ι

233 2469 384 2538 differunt
398 2472 483 2536 enim
506 2483 619 2536 aetate:
646 2470 877 2537 contrariorum
898 2492 1025 2558 quoque
1046 2471 1138 2538 aliter
1158 2472 1256 2573 accipi
1268 2484 1308 2552 3¹

128 2597 134 2604 -
232 2578 253 2620 ο
276 2557 382 2641 posita,
399 2571 435 2620 ut
449 2565 557 2620 noctem
571 2557 644 2637 luci3
667 2556 758 2620 aliter
772 2556 876 2634 noxia,
893 2570 929 2620 ut
941 2557 1122 2704 11¹frigidam
1130 2559 1235 2644 ¹¹febre
1243 2585 1254 2639 ;

264 2641 323 2705 iter
347 2641 565 2728 repugnantia,
583 2656 620 2704 ut
641 2664 744 2705 verum
757 2640 866 2726 falls?
899 2640 991 2705 aliter
1035 2642 1197 2728 isparata⁰,
1219 2656 1257 2708 ut

233 2727 312 2792 dura
336 2749 393 2790 non
417 2726 522 2788 duris:
555 2725 618 2807 sed,
647 2725 727 2812 quid
752 2725 822 2788 haec
845 2723 885 2788 ad
907 2726 1040 2811 praesens
1064 2727 1259 2816 propositum
1324 2749 1328 2757 ’

262 2951 275 2977 ³
293 2945 416 3007 respondet
427 2946 458 2992 G.
531 2944 542 2973 ⁸
563 2944 658 3005 Aspasia
668 2943 731 2992 lens.
743 2943 807 2992 male.
818 2961 869 2992 nam
880 2945 971 3008 Aspqfia
982 2945 1111 3008 interrogat.
1129 2946 1256 3010 Vndfirpra

231 3007 264 3057 ad
283 3024 324 3058 .2.
421 3015 563 3056 ‘utrumne
574 3009 604 3054 G.
617 3009 679 3056 lens.
748 3009 756 3038 l
772 3009 894 3072 respondet
906 3011 945 3072 ins.
957 3009 987 3057 G.
1085 3015 1256 3074 tveroaget'c

231 3075 271 3121 in.
284 3075 314 3120 G.
330 3073 481 3121 deinde.0uid
493 3073 603 3132 sr-Age,
615 3074 693 3136 inquit
704 3089 745 3119 em.
824 3076 834 3101 ¹¹
854 3084 968 3121 utrumne
978 3085 1048 3120 tuum
1059 3073 1138 3122 virum
1149 3076 1180 3124 G.
1190 3077 1253 3124 lens.

229 3137 332 3184 tritum
345 3138 375 3186 G.
442 3135 619 3186 toneneas.
683 3138 912 3202 ¹¹1aquamirfijid.
978 3137 1084 3200 ninirfi
1096 3139 1127 3186 G.
1191 3140 1254 3188 ⁰se·

228 3211 309 3265 parata
319 3203 349 3249 G.
360 3201 424 3252 tens.

229 3379 304 3441 valet,
313 3378 450 3448 pudicitia.-
469 3379 515 3431 hoc
532 3393 620 3430 nornen
632 3375 717 3429 sublii·
766 3387 873 3438 tanturn,
887 3377 924 3429 sed
936 3380 961 3429 in
974 3390 1078 3445 utroque
1089 3378 1198 3448 exemplo
1208 3380 1250 3434 de-

228 3461 338 3509 tucrum,
351 3451 508 3518 legeruntque
520 3450 589 3506 adeo,
602 3446 645 3498 vis
663 3447 717 3516 qui·
766 3447 821 3498 buit
834 3463 1032 3509 commemorare,
1045 3447 1060 3499 li
1077 3448 1183 3500 constare
1197 3449 1250 3511 sbi,

229 3519 361 3587 dem·longe
371 3518 474 3589 diversa
490 3514 597 3586 pecuniae
607 3525 630 3566 et
644 3513 717 3584 pudi-
765 3528 799 3576 et,
810 3515 892 3584 qualia
910 3517 952 3578 est,
963 3517 1049 3568 doctor
1064 3517 1188 3569 dilucidus
1207 3519 1250 3571 elle

226 3589 301 3641 citiae.
331 3591 375 3640 Sed
396 3587 438 3639 illa
456 3605 516 3639 cura
533 3585 632 3637 induxit
651 3587 722 3637 cica·.
746 3583 852 3637 ·voluit.
883 3587 934 3638 Scri
954 3585 981 3637 sit
1001 3587 1088 3655 igitur,
1107 3585 1148 3638 nist
1168 3585 1255 3647 fallere

226 3660 342 3712 triculanr
371 3657 474 3718 vulneri,
499 3672 547 3708 non
575 3654 713 3706 sanitatem.
763 3655 809 3706 vis
822 3653 915 3722 quidem
936 3605 1004 3722 lange
1023 3654 1126 3724 diversa
1141 3655 1256 3726 pecunia*

225 3729 353 3798 Apertum
376 3728 441 3778 enirn
455 3725 505 3786 est,
528 3725 559 3775 de
583 3723 714 3784 ambobus,
762 3723 895 3790 assume,
907 3723 983 3774 navis
993 3734 1017 3775 et
1027 3723 1150 3777 amicitia.
1169 3726 1248 3794 Repe-

225 3815 282 3870 qnae
295 3799 367 3849 modo
379 3795 545 3865 proposuerat,
556 3791 673 3862 exemplis
685 3789 714 3843 sr-
763 3791 819 3844 titio
836 3797 873 3847 nir
892 3802 916 3843 et
935 3793 1021 3861 primae
1038 3793 1156 3846 emissioni
1168 3793 1257 3846 locum·

224 3865 375 3920 militudinis
397 3863 517 3916 dissimilis
536 3862 647 3928 judicare
671 3859 712 3912 hic
761 3859 840 3912 dedit.
858 3861 972 3912 Succtffit
982 3873 1085 3923 tentata,
1098 3879 1172 3930 quam
1183 3864 1248 3914 dixi-

224 3937 344 3990 Fabitnn.
385 3933 599 4006 Quemadmodum
633 3930 713 3997 igitur
761 3947 828 3991 mus,
839 3931 943 3990 curatio,
955 3947 1004 3997 qua
1015 3932 1077 3984 hane
1087 3931 1192 3982 nostram
1203 3949 1257 3983 cu·-

202 3997 206 4002 ¹
225 4003 355 4075 vetustatis
372 4021 402 4056 ex
421 4020 480 4062 uno,
493 4013 516 4053 et
535 3998 673 4068 largitionis
681 4011 713 4050 ex
761 4000 845 4070 pimus
855 4009 880 4049 et
891 3999 1013 4070 speramus
1024 3999 1067 4051 esse
1078 3999 1220 4052 feliciorem.

223 4077 301 4128 altero
319 4074 466 4124 mentionem
485 4068 556 4131 facit,
577 4069 712 4136 inquibus
799 4087 842 4134 30.
863 4066 970 4120 Canibus
981 4068 1083 4136 catulos]
1102 4067 1246 4140 Virg.Ecl.

224 4145 307 4198 verbis
322 4139 503 4194 similitudinem
520 4138 646 4207 agnoscit:
666 4138 711 4198 ita,
763 4155 846 4203 ¹9²3·
1138 4177 1140 4180 .

223 4232 283 4287 quae
300 4211 423 4266 dissimilia
440 4205 506 4272 suut,
524 4225 574 4262 uon
592 4210 617 4260 iu
637 4205 730 4274 altero,
