3024 4912
236 407 299 460 κθ
481 393 529 454 Μ.
549 389 675 452 anun
697 340 1031 454 colticarum

235 555 270 624 iu
285 553 418 646 judiciir
432 557 605 633 orationem
618 553 715 622 video
734 555 876 621 eminere
897 553 1091 621 virtutiburt
1113 563 1147 620 et
1168 553 1268 624 Cice-

234 643 323 710 ronis
337 641 499 708 sententiar
513 655 547 706 et
560 642 731 707 conciones
745 663 810 706 non
831 641 938 708 mous
960 639 1097 720 clarum,
1111 663 1209 729 quam
1223 642 1267 707 eii

238 729 274 799 in
288 727 539 796 accusationibus
552 749 589 792 ac
604 727 850 807 defensionibus,
865 725 1058 826 eloquentia
1080 727 1190 792 iumen
1212 728 1265 791 os·

234 813 385 880 tendunt.
430 813 520 878 Dicit
541 827 648 878 tamen
664 811 749 878 idem
765 813 805 876 de
821 812 963 890 suasona,
978 812 1042 876 hoc
1064 813 1174 893 modo,
1191 813 1268 877 Tota

236 911 336 966 autem
360 899 464 976 oratio,
537 897 606 986 psex
631 909 659 961 et
680 899 803 986 gravis,
818 910 846 960 et
860 897 1018 986 sententiis
1031 899 1113 962 debet
1135 899 1268 962 ornatior

234 985 299 1070 ff,
312 1009 401 1072 quam
416 1009 471 1048 uer
490 985 528 1049 ir.
571 985 673 1048 Usum
687 983 931 1072 enempsorum‘i
945 983 1025 1047 nulli
1040 984 1181 1048 materiae
1195 1005 1265 1048 ma·
1277 975 1323 1052 66

235 1070 288 1160 gia
313 1070 482 1134 convenire
503 1069 619 1133 merito
641 1068 706 1134 sere
729 1091 840 1134 omnes
866 1069 1078 1148 consentiunt,
1097 1091 1173 1134 cum
1196 1070 1266 1156 ple-

235 1178 372 1241 rumque
386 1153 552 1220 videantur
566 1153 751 1239 respondere
773 1153 882 1220 futura
899 1153 1078 1240 praeteritis,
1095 1154 1267 1219 habeatur·

260 1265 301 1306 ue
323 1241 574 1328 experimentum
598 1240 684 1304 velut
707 1239 870 1326 quoddam
884 1239 1015 1305 rationis
1037 1239 1266 1306 testimonium.
1299 1281 1302 1288 .

235 1263 380 1394 irenes
393 1347 522 1414 quoque
537 1339 592 1390 aut
606 1326 698 1412 copia
713 1346 776 1388 non
791 1345 911 1412 genere
925 1324 1076 1404 materie,
1088 1325 1141 1390 sed
1156 1327 1265 1406 modo,
1278 1317 1321 1412 67

236 1413 391 1480 constant.
434 1413 521 1476 Nam
536 1425 573 1474 ut
587 1410 619 1474 in
635 1409 771 1476 consiliis
789 1409 980 1496 pierumque
992 1410 1163 1496 fimpiicior
1177 1433 1267 1500 quae-

238 1497 297 1564 flio
318 1499 373 1576 eii,
387 1497 435 1562 ita
449 1497 528 1583 saepe
544 1497 575 1560 in
592 1495 702 1560 cauflie
725 1494 843 1560 minor.
888 1496 974 1560 Qua
995 1495 1105 1562 omnia
1120 1517 1193 1560 vera
1207 1496 1283 1564 esie'

237 1580 326 1658 sciet,
352 1581 372 1646 si
401 1580 474 1680 quia
502 1603 567 1646 non
593 1581 751 1646 orationes
780 1579 889 1659 modo,
917 1579 970 1644 sed
999 1580 1141 1646 historiae
1169 1583 1268 1648 etiam

239 1671 396 1754 (namque
410 1689 443 1731 m
459 1667 510 1730 hia
524 1666 695 1732 conciones
707 1679 804 1752 atque
817 1665 982 1731 sententiae
993 1665 1182 1754 pierumque
1195 1668 1270 1733 sua-¹

236 1751 333 1819 ciendi
355 1773 394 1818 ec
417 1751 611 1816 dissuadendi
636 1751 815 1843 fungrmtur
835 1749 955 1829 officio)
978 1749 1086 1838 legere
1106 1752 1268 1836 maluerit,

236 1860 335 1926 quam
350 1837 383 1902 in
405 1837 642 1902 commentariis
664 1837 828 1902 rhetorum
847 1836 1077 1902 consenescere.
1122 1839 1268 1904 Inveniet
1279 1828 1323 1910 68

236 1923 337 2001 euim,
354 1945 414 1990 nec
437 1924 470 1988 in
486 1921 622 1988 consiliis
643 1923 776 2009 abrupta
794 1921 895 2001 initia,
911 1936 944 1985 et
958 1921 1150 1988 concitatius
1163 1924 1268 2012 [αρν

236 2009 271 2078 iu
288 2007 423 2097 judiciis
438 2007 574 2086 dictum,
589 2021 624 2072 et
643 2009 739 2072 verba
761 2018 868 2093 aptata
880 2008 978 2072 rebus
997 2008 1031 2072 in
1054 2020 1191 2096 utroque
1205 2031 1267 2098 ge-

238 2117 326 2172 nere,
348 2106 382 2158 et
403 2093 562 2160 breviores
584 2093 749 2180 aliquanto
771 2091 946 2158 caussarum
971 2093 1142 2172 orationes,
1168 2117 1267 2181 quam

237 2179 476 2250 sententiarum.
520 2180 574 2242 Ne
598 2178 653 2242 illa
674 2177 805 2265 quidem
826 2178 860 2243 in
876 2177 927 2241 his
948 2178 1028 2246 vitia
1040 2179 1266 2266 deprehendet,
1279 2172 1332 2274 62

260 2265 357 2334 uibus
380 2264 510 2350 quidam
539 2263 766 2330 declamatores
794 2263 951 2344 laborant,
980 2267 1068 2352 quod
1095 2276 1130 2330 et
1156 2279 1269 2330 oontm

237 2285 445 2420 sbotientibue
460 2349 636 2414 inhumane
649 2348 879 2428 conviciantur,
893 2361 927 2413 et
940 2349 986 2414 ita
1006 2351 1129 2436 plerum
1154 2373 1194 2414 ue
1214 2351 1268 2416 di-

238 2433 348 2513 cunti,
371 2447 534 2524 tamquam
559 2435 599 2499 ab
624 2435 675 2512 iis,
699 2433 755 2522 qui
781 2433 969 2514 deliberant,
991 2436 1105 2523 utique
1126 2371 1268 2501 dissenti-

239 2533 310 2590 ant:
333 2520 469 2608 ideoque
483 2519 729 2670 pipurgantibua
744 2518 908 2586 fimiiiorea
921 2521 1004 2600 sunt,
1020 2541 1119 2608 quam
1131 2521 1268 2586 suaden-

239 2605 337 2672 tibus.
381 2607 465 2671 Haec
533 2606 705 2672 olescentee
733 2604 789 2669 fibi
820 2604 934 2692 scripta
964 2606 1075 2686 sciant,
1107 2629 1147 2670 ne
1175 2607 1268 2672 aliter
1280 2621 1325 2690 70

239 2713 336 2778 quam
358 2689 475 2758 diouri
498 2691 569 2772 fint,
592 2689 732 2758 exerceri
758 2689 870 2771 velint,
886 2703 920 2756 et
943 2691 1003 2756 int
1027 2691 1268 2761 desmsoendist

239 2781 415 2846 morentur.
462 2777 613 2845 Ceterum
640 2799 715 2841 cum
739 2775 886 2842 advocari
907 2777 1062 2864 coeperint
1085 2777 1118 2842 in
1141 2777 1270 2844 consilia

239 2863 428 2943 amicorum,
452 2863 558 2929 dicere
580 2861 767 2931 sententiam
790 2861 824 2926 in
846 2861 966 2944 senatu,
989 2862 1164 2944 suadere,fi
1188 2863 1270 2951 quid

249 3061 479 3129 'dnonsnflsenfi
495 3065 676 3128 Fortesaitnon
688 3065 739 3116 uili.
802 3061 1146 3128 'Quidfir'rfirmgquaffl
1201 3059 1270 3127 ἰὼ,

240 3129 299 3196 tent
311 3129 417 3181 &man
481 3137 492 3169 ⁸
511 3131 595 3179 aaa
659 3129 672 3166 r
691 3130 798 3180 atraere.
809 3130 840 3179 n.
856 3129 1028 3178 nnuman.
1044 3138 1159 3192 utrumque
1170 3127 1236 3180 aar.

143 3313 147 3326 ¹
239 3302 270 3352 tu
283 3292 377 3344 CCCC
389 3291 495 3362 unpiiur
506 3291 635 3346 imminum
647 3295 728 3346 retine
779 3300 831 3342 tate
848 3305 1033 3358 nonnunquam,
1046 3297 1143 3340 utnon
1157 3287 1203 3342 hnt
1222 3291 1268 3344 ab·

141 3375 143 3384 ’
240 3361 271 3414 de
282 3360 428 3414 cruciatibus
439 3363 505 3432 apud
522 3360 652 3434 populum,
665 3362 730 3414 mul·
778 3371 852 3428 rupta
863 3357 1015 3412 consiliorum
1027 3358 1110 3420 initia,
1121 3369 1151 3409 ut
1166 3360 1270 3413 breriua

239 3441 321 3484 torum
333 3431 395 3484 adeo
411 3433 521 3501 capitum
539 3431 648 3494 beluam,
660 3431 731 3502 piane
779 3429 851 3482 causa
869 3429 921 3481 dici
940 3445 1016 3498 quarn
1038 3427 1156 3480 sententia
1178 3430 1266 3498 potiite

241 3501 334 3560 uirum
356 3517 405 3554 non
427 3501 469 3554 est.
506 3501 634 3554 Nimirum
663 3501 731 3554 aliud
778 3497 809 3551 hc
821 3497 962 3551 concitatius
973 3499 1041 3568 saepe
1057 3497 1268 3566 dillmincrrfi-

241 3571 275 3626 est
286 3571 394 3634 suadere,
404 3572 536 3626 deliberare
552 3571 617 3623 inter
627 3587 730 3641 paucos,
779 3568 818 3621 siis
831 3584 922 3644 qpnu
935 3568 960 3620 in
974 3565 1084 3638 judiciis.
1114 3567 1181 3620 Illud
1192 3585 1270 3638 quam

241 3640 312 3696 nulia
330 3643 514 3712 perturbatione
531 3652 683 3710 occupamur
701 3659 728 3693 a·
778 3640 856 3708 igitur
867 3637 978 3692 excidisse
994 3639 1108 3699 arbitror,
1120 3637 1269 3692 audioritate

241 3711 296 3772 siud
308 3712 334 3768 in
344 3711 506 3766 multitudine
516 3728 544 3762 ac
557 3711 641 3762 turba.
778 3708 837 3761 iibri
848 3706 911 3762 sorte
922 3707 1054 3776 aliquando
1065 3707 1241 3826 reponnrdum.

248 3839 251 3846 ,
279 3785 323 3834 ⁶8.
353 3781 494 3834 concitatius
513 3782 581 3850 sape
606 3779 632 3832 in
654 3779 728 3850 jud]
814 3795 857 3841 70.
871 3777 1014 3850 praeceptis]
1037 3777 1076 3828 De
1113 3775 1163 3830 iel
1197 3779 1269 3828 uitur

243 3850 391 3907 anciranus
411 3850 438 3904 in
447 3849 550 3920 judiciis
567 3847 624 3908 diri,
636 3849 730 3921 peculi·
778 3847 908 3918 praeceptis
929 3847 1033 3910 Fabius,
1043 3863 1100 3914 quae
1116 3845 1185 3898 adec
1196 3863 1267 3898 ama·

240 3938 282 3976 are
304 3919 368 3975 nihii
389 3920 431 3983 est,
452 3932 496 3972 aut
514 3918 558 3971 sub
580 3920 732 3990 exceptionis
777 3929 861 3970 toturn
886 3913 1029 3983 vulgarium
1056 3915 1194 3969 rationibus
1219 3915 1269 3968 aii.

241 3989 349 4048 sormuia
374 3989 415 4043 hic
438 3989 641 4060 proponendum:
670 3988 730 4041 sicut
779 3999 901 4056 quantum
914 3984 1267 4055 distant,etminusspiendo-

241 4059 305 4124 iliud
317 4077 366 4112 non
378 4077 442 4130 opue
453 4059 485 4110 eti
504 4059 638 4120 admoneri,
651 4076 731 4111 carere
779 4057 814 4108 ria
835 4067 910 4124 atque
926 4053 1048 4107 tumultus
1069 4053 1169 4115 habent,
1190 4065 1268 4124 atque

241 4127 340 4190 eonstlia
356 4131 357 4136 ’
378 4129 499 4191 remmia,
522 4127 657 4182 massarum
674 4146 730 4180 ora·
779 4126 812 4177 ob
825 4125 850 4178 id
862 4123 941 4195 ipsum
957 4126 1040 4176 minut
1058 4122 1120 4175 forte
1130 4124 1189 4181 fidei
1200 4123 1271 4196 apud

240 4199 321 4256 timer
332 4148 378 4256 essi
387 4197 436 4252 fere
448 4199 580 4268 longiores.
598 4199 645 4251 Sed
657 4215 732 4267 quem
780 4195 895 4270 turgidos
906 4192 1065 4248 adolescentes
1075 4195 1214 4280 inreuimt.

241 4269 274 4326 td
285 4270 387 4326 modurn
405 4267 495 4327 incidit
511 4268 621 4324 materia
630 4266 732 4342 diverti-
