3000 4908
403 386 406 391 ’
447 383 614 458 lustru
634 383 836 457 ustrou:
859 349 943 457 eru
965 383 1018 460 vi.
1042 419 1070 462 1.
1200 405 1259 480 με

232 563 352 644 'diceret
368 585 431 626 cum
445 562 510 626 haec
522 559 747 650 probarentur?
768 569 801 625 et
816 557 930 624 deinde
944 545 1078 650 subjecit
1092 581 1258 628 enumera·
1278 584 1281 588 ·

233 649 378 712 tionem:
410 661 476 726 aut,
500 666 576 711 cum
600 646 709 710 ideml’
732 645 766 710 in
789 645 949 726 eumdem,
972 661 1027 736 per
1049 647 1260 713 invocationem

203 757 207 764 ’
234 734 351 798 deorum
364 733 499 822 spoliata
514 757 533 795 a
544 743 673 820 praetore
686 731 793 818 templa
807 729 998 796 dinumerat.
1041 733 1134 799 Licet
1149 745 1182 798 et
1194 732 1257 798 du·

233 818 347 898 bitere,
364 841 441 882 num
458 817 537 906 quid
551 825 610 880 nos
624 814 762 903 fugerit:
787 827 831 896 et,
847 816 927 903 quid
941 816 1113 903 responsuri
1126 817 1185 881 fint
1197 818 1257 884 ad'-

233 903 357 967 versarii
372 904 422 967 his
438 915 471 968 et
484 902 555 988 his:
580 913 646 978 aut,
663 923 758 990 quam
774 901 859 999 spem
873 903 1032 966 accusator
1050 901 1165 971 habeat
1185 923 1258 968 om-

200 989 328 1074 4nibus
349 988 395 1053 ita
414 987 562 1052 defensis.
606 985 668 1049 llla
692 1007 767 1050 vero
786 985 1022 1072 jucundissima,
1046 988 1067 1052 fi
1091 985 1260 1075 'contingat

233 1072 275 1136 ali
300 1073 364 1137 uod
379 1095 418 1138 ex
432 1058 605 1136 adversario
619 1071 759 1135 ducereq
781 1085 1026 1156 argumentum:
1050 1084 1098 1154 ut,
1115 1073 1135 1136 fi
1158 1071 1259 1154 dicas,

216 1221 219 1230 ,
234 1097 367 1246 Reliquit
379 1182 449 1222 vero
465 1159 668 1244 transportem
682 1155 807 1242 couffae3
829 1169 897 1236 aut,
914 1157 1038 1220 Invidia
1051 1162 1178 1244 premere
1190 1181 1259 1222 ma·
1298 1196 1301 1202 ‚

234 1243 314 1322 tuin
338 1256 404 1323 aut,
420 1243 585 1330 Adpreces
600 1240 685 1327 corzfa
713 1241 733 1303 ‘t
741 1264 751 1320 ;
775 1253 819 1320 et,
835 1241 960 1322 Merito,
973 1267 1037 1308 cum
1048 1243 1141 1330 sciret
1154 1243 1218 1306 baec
1231 1254 1261 1308 et
1312 1257 1314 1262 '
1349 1237 1354 1246 ’
1395 1293 1400 1306 .

200 1329 308 1418 5haeo.
353 1327 417 1417 Sed
431 1335 494 1392 non
510 1327 582 1391 sunt
595 1327 684 1414 singu
699 1349 725 1389 ae
739 1325 857 1412 species
870 1327 1095 1414 prosequenda
1106 1340 1129 1406 ¹,
1145 1349 1187 1392 ne
1207 1327 1259 1392 so-

163 1453 165 1460 i
232 1413 266 1477 la
287 1412 463 1488 videantur,
477 1434 549 1498 quae
564 1410 646 1474 forte
661 1431 748 1475 nuuc
761 1409 893 1475 dixero:
917 1433 991 1476 cum
1008 1413 1206 1476 oooafiones¹
1227 1423 1261 1476 et

234 1519 275 1562 ex
298 1499 417 1576 caulis,
434 1511 467 1561 et
493 1519 532 1563 ex
557 1495 650 1559 distis
677 1495 934 1575 adversariorum,
957 1511 1047 1563 etex
1071 1495 1261 1584 quibusdam

233 1581 375 1647 fortuitis
400 1603 529 1670 quoque
551 1579 702 1645 oriantur.
746 1581 819 1645 Nec
841 1581 1015 1645 referenda
1027 1581 1125 1646 modo
1148 1581 1261 1662 nostra,

233 1665 287 1730 sed
302 1667 540 1752 postulandumt
557 1665 654 1730 etiam
668 1667 708 1730 ab
723 1665 913 1748 adversariis,
929 1679 967 1730 ut
980 1665 1019 1730 ad
1064 1667 1187 1732 uaedam
1208 1689 1261 1730 re-

203 1751 421 1838 6spondeant.
466 1752 505 1816 ld
520 1761 640 1830 autem,
656 1751 675 1814 fi
691 1765 724 1814 et
738 1750 871 1815 aitionis
888 1689 1161 1838 supererirlocus,
1176 1763 1209 1816 et
1224 1773 1262 1816 ea

233 1837 497 1924 proposuerimus
535 1859 585 1900 uae
599 1835 701 1899 refelli
715 1857 779 1899 non
795 1835 931 1921 poliunt.
975 1837 1063 1900 Nam
1080 1857 1262 1924 provocare,

236 1943 309 2007 quae
335 1923 410 1987 inde
434 1921 493 1985 fint
512 1859 623 2000 lortia,
640 1943 704 1984 non
728 1921 891 2008 arguentis
913 1921 968 2002 est,
988 1921 1040 1986 sed
1063 1921 1261 1986 monentis&

203 2007 277 2091 7'ld
291 2029 392 2070 unum
407 2005 527 2094 epilogi
541 2027 645 2093 genus
659 2005 758 2070 visum
778 2005 820 2069 est
842 2005 997 2094 plerisque
1020 2005 1214 2086 Atticorum,
1229 2018 1264 2070 et

235 2091 433 2180 philosophis
453 2091 520 2156 iere
540 2090 715 2169 omnibus,v
727 2090 784 2176 qui
805 2089 845 2154 de
866 2103 933 2155 arte
954 2092 1090 2156 oratoria
1112 2090 1264 2177 scriptum

236 2175 358 2264 aliquid
372 2178 581 2266 reliquerunt.
615 2176 655 2239 Id
668 2175 785 2240 sensilia
800 2175 927 2240 Atticos
942 2177 1050 2258 credo,
1066 2175 1143 2262 quia
1156 2176 1262 2240 Athe-

158 2263 162 2274 '
236 2261 286 2325 nis
315 2261 444 2332 affeetus
472 2281 601 2326 movere
629 2260 726 2324 etiarn
755 2281 811 2347 per
832 2282 1012 2347 praeconem
1038 2261 1266 2350 prohibebatur

236 2357 354 2410 orator.
399 2346 524 2412 Philoso
546 2346 606 2409 hos
621 2346 728 2410 minus
739 2345 848 2426 miror,
865 2347 950 2433 apud
964 2368 1045 2434 quos
1060 2345 1129 2410 vitii
1152 2347 1195 2409 est
1214 2345 1264 2410 lo·

238 2451 290 2507 co,
314 2429 418 2495 affici:
443 2453 505 2496 neo
520 2367 597 2494 ioni
618 2451 722 2494 mores
743 2431 901 2510 ridentur,
925 2432 965 2495 fic
986 2453 1005 2494 a
1027 2453 1100 2495 vero
1117 2430 1264 2516 judicem

116 2555 122 2570 ·
238 2515 358 2580 avertis
381 2535 442 2579 uec
465 2513 633 2579 convenire
656 2515 743 2580 bono
766 2515 833 2579 viro
848 2514 942 2578 ‘vitiis
963 2515 1024 2579 uti.
1068 2514 1267 2582 Neeefl'arios

238 2609 347 2664 tamen
362 2599 494 2674 effeetus
506 2611 523 2638 ¹
541 2599 736 2678 fatebuntur,
752 2599 771 2662 fi
787 2600 879 2664 aliter
892 2599 1030 2664 obtineri
1044 2621 1128 2679 vera,
1145 2613 1178 2663 et
1200 2598 1264 2663 'us-
1367 2651 1368 2654 η

206 2686 226 2751 8
240 2694 283 2764 ta,
295 2697 328 2748 et
341 2685 375 2750 in
390 2705 561 2750 commune
574 2683 738 2772 profutura
751 2705 816 2748 non
832 2685 960 2772 posint
1002 2685 1167 2763 ueterum,
1182 2683 1193 2746 i
1207 2684 1267 2750 lu'd

239 2769 377 2834 constitit
400 2770 482 2835 inter
506 2789 630 2850 omnes,
645 2769 741 2836 etiam
768 2769 801 2832 in
825 2769 896 2832 aliis
915 2770 1061 2856 partibus
1083 2769 1266 2850 titionisfi

238 2853 406 2942 multiplex
420 2855 519 2919 cautla
532 2854 579 2930 sit,
594 2865 627 2917 et
639 2853 784 2939 pluribus
802 2855 1000 2942 argumentis
1021 2853 1158 2934 defensa
1173 2853 1265 2920 utili·
1304 2931 1308 2938 1

237 2949 288 3002 ter
301 2937 546 3022 ἀνακεφαλαίωσιν
561 2937 628 3002 fieri
642 2937 753 3002 solere:
770 2939 848 3003 ficut
862 2961 959 3004 nemo
973 2937 1164 3005 dubitaverit
1178 2937 1265 3003 mul:

238 3035 289 3089 tas
303 3022 363 3088 effe
378 3023 506 3104 caussas,
522 3023 554 3087 in
571 3023 688 3108 quibus
701 3023 792 3088 nullo
806 3023 879 3088 loco
900 3025 937 3088 sit
955 3023 1132 3104 necessaria,
1148 3023 1168 3088 fi
1190 3025 1266 3090 bre·

238 3129 293 3174 ves
307 3119 342 3172 et
355 3108 510 3196 simplices
523 3107 652 3174 fuerint.
696 3109 870 3196 Haeopars
889 3109 1080 3198 perorationis
1094 3107 1266 3176 accusatori

206 3191 437 3288 9pitrouoque
451 3215 542 3280 aeque
556 3191 738 3258 communis
757 3194 811 3257 est.
854 3194 1032 3260 Affeaious
1052 3213 1183 3282 quoque
1204 3193 1264 3259 eis-

239 3277 314 3342 dem
329 3276 395 3370 fere
415 3289 573 3344 utuntur:
594 3276 648 3343 sed
670 3277 770 3342 rarius
793 3277 860 3360 hic,
875 3279 929 3344 ille
952 3279 1065 3368 saepius
1089 3301 1126 3344 ac
1147 3279 1265 3368 magis.

270 3460 373 3525 totins:
385 3463 417 3510 G·
481 3438 678 3514 *dicerelerrt¹
729 3463 845 3527 'persea
857 3463 889 3512 G.
954 3465 1144 3514 'accusationes
1159 3463 1266 3514 G.Jeus.

238 3525 351 3590 sattius.
363 3525 394 3574 G.
460 3529 611 3581 ”moventis
622 3529 654 3578 G.
665 3526 738 3578 mele.
802 3536 816 3565 ⁸
832 3528 1002 3578 effeetusieut.
1078 3573 1081 3578 .

239 3721 374 3836 stult?
385 3703 728 3844 stratilatis:
775 3704 1198 3854 tristitiam-tt
1221 3721 1265 3775 ‘⁸⁰

240 3843 309 3896 blus.
328 3843 448 3916 Pauperis
459 3841 491 3896 est
502 3862 628 3898 numerare
640 3862 727 3915 pecus.
813 3867 839 3914 9.
857 3845 942 3898 rarius
953 3844 1000 3913 hic,
1012 3843 1160 3915 illesaepras]
1179 3843 1265 3896 Etiam

277 3916 304 3964 6.
322 3911 496 3983 quaeindefint
504 3913 601 3982 sortia]
620 3914 647 3966 h.
660 3931 683 3966 a.
696 3917 728 3967 ab
778 3913 825 3967 hoc
844 3913 899 3966 loco
917 3913 956 3968 bic
975 3915 1006 3966 ad
1026 3913 1155 3972 remotius,
1174 3911 1214 3964 ille
1232 3911 1265 3963 ad

242 3980 318 4033 altera
334 3995 412 4053 parte,
423 3993 595 4054 contraquam
609 3983 727 4038 dicimus.
776 3983 880 4054 propius
898 3982 1018 4036 referturr
1038 3982 1105 4052 quod
1123 3983 1190 4052 apud
1209 3981 1265 4034 nos-

241 4051 367 4118 Frequens
377 4051 420 4114 est,
432 4052 547 4105 adverbia
563 4052 611 4104 loci
627 4054 729 4106 adhibe·
777 4063 843 4104 turm
864 4053 940 4106 etiam
959 4053 1021 4134 sape
1039 4051 1212 4103 observamues
1235 4065 1264 4104 v.

242 4135 268 4168 re
287 4121 318 4170 de
336 4121 461 4191 personisr
488 4133 527 4182 ut,
547 4123 610 4174 unde
625 4117 729 4192 petitrlr,
776 4139 805 4190 g.
820 4139 960 4188 5,13,12.
977 4123 1016 4176 Sic
1027 4135 1086 4182 mox
1098 4123 1124 4186 6,
1138 4137 1164 4184 ι,
1176 4130 1220 4176 2'1.
1233 4119 1265 4173 it.

242 4205 286 4254 pro
309 4201 368 4253 re03
395 4189 448 4242 vid.
472 4191 586 4244 Gronov.
610 4191 642 4244 ad
670 4191 734 4244 Cia·
778 4193 804 4254 6,
817 4207 843 4253 a,
856 4209 901 4248 αι.

241 4255 303 4310 tim.
325 4277 350 4324 7,
365 4277 406 4313 rr.
435 4259 475 4314 Sic
495 4261 558 4316 Ter.
576 4259 688 4334 Adelph.
703 4278 728 4324 ι,

730 4344 847 4416 ,Π
