2938 4910
260 385 320 448 432
510 367 557 436 u.
578 369 704 434 cnon
725 367 1074 435 oo1ncn1n1nn1

258 535 314 612 est,
331 534 363 600 in
375 534 476 600 alium
487 531 652 622 'transferre
672 535 793 614 crimen,
809 535 830 600 fi
846 533 1018 622 poffumus.
1062 535 1205 628 Ideoque
1225 533 1296 606 eti-

258 631 333 685 amss
357 621 388 684 in
413 619 483 698 hos,
509 620 566 708 qui
587 621 655 708 jam
679 621 784 708 scripti
808 619 891 698 sunt,
907 621 1001 686 status
1023 620 1086 690 visa
1110 625 1154 688 est
1176 623 1294 704 cadere

258 705 429 770 transsatio.
473 704 639 772 Interdum
660 729 739 792 ergo
759 705 812 770 cui
837 704 909 772 ain
924 705 1089 772 hominem
1104 709 1289 796 relegatur:

154 853 160 866 ,
257 807 305 868 ut,
320 792 352 874 ſs
378 791 541 868 Gracchus,
557 813 623 856 scus
634 791 767 889 scudetis
823 791 981 868 annotini,
997 793 1079 881 cujus
1107 807 1183 860 metu
1209 795 1292 882 lcgcs

253 876 411 966 populares
425 875 522 960 tuliffc
537 876 569 940 iu
587 876 758 942 Tribunatu
773 875 904 956 videtur,
920 877 1034 963 au'ffum
1045 880 1084 964 sc
1098 879 1137 944 ab
1159 881 1291 967 impura-

258 977 318 1026 tore
330 964 387 1043 suo
402 959 520 1024 diceret.
566 961 721 1026 Interius¹¹
746 959 906 1029 derivatur
920 961 956 1026 in
967 983 1053 1028 rem:
1078 977 1125 1038 ut,
1139 963 1220 1049 fiis,
1235 967 1292 1052 qui
1311 975 1360 1038 14

256 1047 418 1144 testantcato
452 1046 507 1109 uid
514 1047 626 1134 ¹juffins
640 1045 823 1130 nonfaccrit,
838 1043 932 1124 dicut,
943 1047 1089 1136 perleges
1103 1049 1215 1136 iclficrc'
1229 1074 1294 1116 aon

252 1131 387 1222 potucffc.
468 1153 507 1196 oc
532 1129 711 1212 undsaow
736 1131 860 1196 dictust.
902 1129 1047 1201 Exclufis
1070 1156 1199 1220 quoque
1221 1133 1288 1214 his,

250 1217 399 1304 ¹accusatio
412 1214 556 1302 superest.
600 1217 648 1280 Ea
662 1216 705 1280 est
719 1229 777 1280 aut
791 1215 1098 1303 ignorantiae,.ut‚fi
1110 1220 1177 1305 quis
1186 1220 1288 1306 sugi-

255 1301 471 1389 tivastt'gmata
483 1301 639 1388 ficripscrt't,
655 1325 742 1386 coque
757 1299 788 1362 in
811 1325 881 1366 cnua
888 1301 1036 1384 judicato,
1051 1327 1088 1366 nc
1110 1315 1181 1384 ctm,
1190 1305 1229 1392 sc
1243 1305 1287 1368 li-

253 1391 355 1454 berum
376 1411 440 1450 cum
450 1377 583 1472 siiffcfl:
605 1399 662 1450 aut
683 1407 761 1450 nece
785 1386 883 1463 statis,
898 1398 947 1464 ut,
963 1411 1026 1452 cum
1041 1328 1123 1456 acidis
1144 1391 1189 1452 ad
1207 1415 1286 1458 corn-

253 1486 366 1540 meatus
381 1472 456 1536 dicm
471 1495 529 1534 uon
546 1469 659 1554 aelfuit,
674 1471 747 1534 dicit
762 1473 800 1555 sc
813 1468 995 1557 fluminibus
1018 1471 1217 1560 iutcrclcficat,
1230 1491 1287 1542 aut

252 1558 437 1638 valetudine.
456 1555 589 1620 Fortuna
626 1577 732 1642 uoquo
746 1554 826 1642 saepe
840 1555 1035 1625 substituitur
1048 1557 1170 1644 culpae..
1186 1559 1283 1628 Non·
1300 1562 1347 1634 ¹5

253 1665 429 1730 numquam
446 1640 522 1704 mala
531 1579 639 1726 seniis
650 1642 787 1725 nonsit
801 1641 871 1708 bono
884 1644 982 1713 animo
996 1642 1145 1711 dicimus.
1193 1646 1290 1712 Utri-v

251 1731 351 1816 usqne
366 1727 410 1792 sei
425 1725 530 1790 multa
540 1737 573 1790 et
586 1725 746 1790 manifesta
760 1724 905 1812 exempla
918 1725 1001 1792 sunt.
1023 1725 1149 1794 Idcirco
1164 1733 1286 1796 nonest

251 1835 363 1882 eorum
387 1811 551 1876 necessaria
567 1809 730 1896 expositio.
776 1811 810 1876 Si
833 1811 953 1888 omnia,
968 1835 1042 1899 quae
1065 1813 1284 1902 suprascripta

250 1899 497 1978 suun-deerunt,
515 1895 698 1972 videndum,
715 1919 754 1960 an
776 1896 870 1960 minui
892 1896 985 1982 culpa
1007 1897 1107 1984 possit.
1153 1899 1218 1964 Hic
1239 1903 1285 1964 est

245 1985 319 2064 ille,
335 1983 392 2072 qui
407 2005 426 2045 a
446 1979 635 2067 quibusdam
649 1979 768 2046 dicitur
783 1981 861 2058 tieri,
869 1979 970 2066 status
984 1981 1173 2068 quantitatis.
1217 1983 1283 2052 sed
1297 1976 1343 2038 16

250 2093 302 2148 ea,
317 2091 393 2136 cum
410 2067 446 2130 fit
460 2081 516 2130 aut
540 2081 649 2153 pauca,
663 2080 719 2128 aut
734 2066 860 2143 honoris,
876 2067 1082 2150 etqualitate
1104 2067 1180 2132 fadi
1202 2091 1282 2134 con-

250 2155 411 2220 stituitur:
446 2171 550 2236 eoque
575 2152 667 2214 nobis
689 2151 746 2214 sub
768 2150 829 2214 hoc
852 2149 911 2214 effe
934 2151 1010 2216 statu
1038 2152 1180 2216 videtur:
1204 2155 1283 2224 sicut

247 2240 320 2327 ejus
343 2257 482 2339 quoque,
499 2257 571 2320 quae
595 2235 638 2297 ad
655 2259 806 2298 numerum
826 2235 960 2300 refertur
980 2259 999 2300 a
1017 2237 1163 2302 Graecis:
1184 2257 1282 2304 nam0

249 2331 465 2402 ωηλικστηταΡ,
487 2336 522 2384 et
543 2319 690 2393 ποσότητα
716 2319 839 2394 dieunt,
860 2341 918 2384 nos
945 2333 1117 2408 utrumque
1142 2323 1280 2388 eademi

174 2419 178 2426 '
209 2439 211 2444 ·
249 2405 460 2495 appellatione
481 2401 732 2488 complestimur.
778 2405 902 2468 Ultima
924 2406 966 2467 est
982 2408 1168 2490 deprecatio:
1192 2409 1279 2496 quod
1294 2414 1337 2484 17

249 2511 353 2580 genus
369 2490 480 2556 cadisae
493 2488 637 2576 plerique
658 2507 815 2573 negarunt
830 2489 862 2552 in
878 2488 1038 2572 judicium
1052 2515 1206 2578 umquam
1222 2515 1279 2558 ne·

246 2579 327 2641 nire.
372 2574 461 2640 Quin
494 2575 608 2640 Cioero
636 2596 764 2659 quoque
793 2595 849 2659 pro
878 2575 1004 2642 Quinto
1032 2575 1163 2666 Ligario
1192 2578 1278 2643 idem

246 2660 350 2726 testari
372 2659 508 2740 videtur,
523 2681 599 2724 cum
621 2658 712 2732 dicit,
731 2659 863 2744 Constat,
891 2661 1005 2744 Coesar,
1032 2663 1080 2747 egi
1104 2663 1225 2742 mattas,
1248 2678 1279 2727 ct

247 2747 364 2836 quidem
385 2757 487 2823 tecum,
503 2745 573 2808 dum
595 2755 622 2808 tc
644 2743 757 2828 inforo
779 2745 871 2806 tonuit
885 2745 961 2809 ratio
983 2747 1121 2809 hosarum
1136 2759 1276 2812 tuarum:

247 2843 324 2898 arte
336 2853 497 2916 numquam
508 2829 560 2893 hoc
573 2829 665 2906 modo,
677 2829 829 2914 Ignoscite,
836 2829 965 2916 judices,
976 2832 1102 2910 erravit,
1115 2831 1215 2918 lapsus
1227 2831 1275 2917 cst,

248 2939 306 2982 aon
315 2915 452 3003 putavit,
458 2913 492 2998 si
502 2937 640 3000 umquam
651 2913 778 2999 positae,
795 2929 828 2975 et
846 2930 962 2978 cetera.
1000 2911 1037 2978 in
1054 2917 1174 2981 Senatu
1189 2939 1273 2998 vero,
1291 2907 1332 2972 18

247 3015 281 3066 et
295 3001 379 3086 apud
394 2998 561 3086 populum,
577 3010 610 3062 et
622 2999 706 3083 apud
722 2997 909 3082 Principem,
926 3013 959 3064 et
974 2999 1107 3064 ubicum
1130 3000 1276 3088 uejuris¹

247 3084 417 3154 clementia
438 3084 492 3163 est,
508 3082 606 3148 habet
626 3081 733 3146 locum
749 3084 921 3170 deprecatio.
965 3083 1002 3148 In
1019 3107 1083 3172 qua
1100 3025 1273 3172 1iiurimum

247 3171 342 3248 valet,
358 3193 395 3234 ccc
417 3168 427 3230 i
438 3169 488 3253 so,
504 3164 559 3253 qui
581 3167 807 3244 reusest,t1aec
830 3167 889 3231 tria
912 3167 944 3231 in
965 3169 1030 3232 vita
1050 3169 1278 3256 praecedere‚fi

246 3256 392 3330 innocens,
398 3183 516 3338 sibene
530 3252 661 3328 meritus,
667 3247 769 3338 sispcs
785 3251 964 3336 infuturum
975 3255 1139 3320 innocenter
1150 3257 1273 3335 vitiari,

245 3353 274 3404 ct
284 3341 317 3402 ia
331 3337 431 3438 aliquo
445 3335 626 3422 usicsuturis
644 3353 803 3420 praeterea‚
817 3337 837 3398 si
853 3337 902 3400 vel
915 3337 985 3405 aliis
995 3337 1208 3406 incommodis
1223 3341 1273 3406 vel

243 3424 387 3512 praesents
411 3421 555 3507 periculo
580 3421 629 3483 vel
652 3422 839 3508 poenitentia
864 3421 1006 3486 videatur
1020 3423 1092 3487 satis
1107 3446 1272 3522 poenarum

244 3506 383 3574 dedisse:
406 3518 502 3586 cntra,
517 3503 669 3584 nobilitas,
684 3506 829 3592 dignitas,
847 3507 1016 3596 propinqui,
1032 3509 1131 3577 amics.
1175 3509 1212 3575 ln
1232 3521 1327 3590 e019

275 3689 829 3752 ⁸etinhocquidetiamsctiptumtitstatim
841 3690 872 3739 G.
969 3692 1041 3740 hom.
1053 3694 1084 3742 G.
1180 3693 1272 3756 ¹quod

240 3760 305 3808 ient.
370 3755 518 3816 ’μιτᾶθιην
531 3755 562 3803 G.
628 3761 646 3784 ¹¹¹
665 3753 855 3816 tcitstinfitens.
918 3757 1024 3806 nfoeisse
1035 3758 1068 3805 51,
1131 3760 1146 3790 ο
1162 3757 1271 3824 SiaVoff.

242 3841 266 3874 2·
277 3833 315 3884 ap.
326 3823 406 3871 Barca.
416 3831 441 3868 et
451 3819 492 3883 ins.
504 3819 544 3866 rel.
630 3825 643 3859 P
657 3818 697 3866 Sic
708 3819 802 3880 restituit
815 3819 910 3882 Capper.
922 3835 962 3867 aon
973 3821 1046 3868 invito
1060 3823 1182 3870 Burmann
1194 3825 1266 3887 Epist.

236 3899 264 3952 p.
279 3889 317 3936 1⁶.
334 3883 494 3934 aetimasset.
558 3897 632 3942 qam.
644 3883 676 3932 G.
741 3883 823 3930 ruit.
836 3881 880 3948 leg.
887 3884 929 3944 jus
939 3885 1084 3936 clementiae.
1142 3931 1146 3936 .

169 4051 172 4058 ·
278 4032 319 4082 16.
349 4027 434 4088 eadem
461 4025 632 4096 appellatione]
662 4023 731 4078 Infra
817 4029 858 4077 18.
876 4029 965 4094 extra]
994 4028 1077 4082 Intell.
1098 4047 1167 4082 reum
1182 4031 1267 4085 valet.

239 4110 321 4156 tannen
341 4097 361 4151 s.
380 4113 425 4161 41.
448 4112 574 4150 numerum
593 4106 618 4148 ct
637 4096 730 4148 modum
779 4094 844 4145 Nam
861 4097 948 4166 coepit,
961 4098 991 4149 ln
1006 4115 1056 4168 qua
1074 4100 1269 4170 (deprecatione)

237 4169 377 4237 distinguit.
775 4163 907 4232 plurimum
924 4166 1006 4231 valet,
1024 4185 1054 4222 ex
1075 4167 1135 4240 ipso,
1155 4170 1197 4239 qui
1213 4186 1270 4226 rcus

277 4233 654 4336 17.'pchL1'garia]c.1o.
779 4231 882 4314 εβδιε.Ι
1020 4235 1023 4240 “
