2938 4910
244 389 305 470 44⁶
508 384 556 453 u.
577 371 704 454 tint
728 376 1078 450 ourucnnnnut

241 535 314 620 tuus
329 551 484 620 ocodtum.
529 549 585 620 Sio
600 548 683 638 opud
701 549 836 618 Graeoot
849 547 1132 618 contenduntur*
1146 550 1283 614 otssw-
1302 537 1330 600 6

240 638 363 710 ταλὲων,
377 661 453 706 cum
476 633 654 724 scriptura*
679 634 779 700 dubia
800 635 855 716 ost,
875 636 962 702 bono
983 633 1093 702 omnio
1114 633 1222 708 Λέοντι,
1238 651 1286 698 an

239 721 327 790 bona
349 723 544 788 Πανταλέοντι
565 719 678 788 τεΙὶἂα
698 721 769 786 fint.
814 721 853 786 ln
875 717 1057 809 eonjunetis
1077 719 1151 808 pluo
1174 715 1285 784 ombi-

238 805 378 896 guitttis
387 820 415 874 ἵ.
459 805 511 872 Fit
524 818 633 874 autern
644 808 822 896 pertusus:
846 821 895 888 ut,

412 921 472 988 Aio
488 935 527 1006 te,
544 924 694 1007 AEacida,
710 923 855 991 Romanos
870 925 990 991 vincere
998 925 1089 1014 pff.
1301 895 1326 966 7

240 1057 301 1126 Per
314 1055 529 1126 collocationem
542 1071 568 1140 ²,
584 1058 642 1126 ubi
655 1058 792 1126 dubium
809 1060 863 1141 eti,
879 1059 958 1148 quid
971 1079 1039 1149 quo
1055 1051 1164 1124 referri
1185 1079 1285 1144 opor-

239 1155 321 1212 teat:
345 1165 383 1210 oo
398 1143 659 1232 frequentissime,
675 1167 752 1212 cunr
767 1144 813 1224 id,
828 1147 919 1234 quod
934 1145 1076 1212 medium
1093 1144 1147 1224 est,
1163 1143 1285 1208 utrim-

239 1253 305 1320 que
328 1230 419 1318 poffit
432 1231 530 1312 trahi,
545 1243 585 1298 ut
597 1231 639 1298 do
652 1231 765 1298 Troilo
780 1231 950 1321 Virgilius,
965 1232 1049 1298 Lora
1068 1242 1167 1296 temus
1182 1241 1288 1294 tumen

240 1315 364 1398 -Hic,
377 1328 502 1398 utrum,
541 1317 608 1384 uod
630 1330 739 1386 teneat
760 1329 869 1384 tamen
890 1317 971 1397 lora,
985 1340 1037 1398 an,
1060 1313 1207 1404 quamvis
1230 1328 1284 1380 te-

238 1413 328 1484 neat,
354 1415 463 1470 tamen
486 1416 517 1468 tr
578 1415 643 1484 tur,
665 1403 768 1496 quaeri
793 1405 908 1492 potest.
953 1403 1051 1470 Unde
1072 1393 1326 1468 controverfiass

239 1485 307 1568 illa,
315 1489 526 1554 ·.Testomento
541 1489 673 1576 quidam
683 1489 771 1577 juffit
781 1489 853 1577 poni
856 1487 995 1576 statuam
1010 1512 1135 1554 auream
1148 1488 1188 1551 ha
1212 1503 1288 1551 am²

241 1579 395 1640 tenentem.
441 1573 619 1655 Quaeritur,
631 1575 731 1644 statua
744 1575 886 1642 hastam²
906 1587 1020 1640 tenens
1040 1594 1168 1640 aureae
1192 1572 1285 1638 ede·

238 1659 329 1739 beot,
344 1681 385 1724 an
399 1657 508 1724 hastan
531 1659 593 1726 etse
607 1683 703 1728 aurea
717 1660 751 1726 in
767 1661 867 1728 statua
886 1659 1018 1730 alteriue
1034 1656 1202 1726 materiae?
1231 1657 1288 1724 Fit

240 1767 300 1833 per
302 1743 424 1834 flexum
438 1745 526 1812 idom
542 1747 659 1836 magis,
748 1743 752 1750 '

253 1981 255 1986 .
276 1947 291 1976 v
307 1937 374 1986 Leon
384 1935 517 1988 Pantaleon
526 1934 591 1988 Jeus.
603 1948 626 1986 et
637 1945 707 1986 nan.
718 1955 760 1988 om.
772 1939 804 1987 G.
883 1943 896 1972 ¹
914 1938 1030 2002 scripturn
1042 1936 1074 1986 G.
1088 1936 1152 1986 Forte
1162 1934 1230 1984 etiam
1241 1935 1288 1986 du»

244 1997 295 2050 bie.
358 2001 550 2068 testifitus.
615 2013 629 2042 ²
646 2003 836 2054 collocutionem
847 2001 880 2054 id.
945 2001 1233 2052 ¹astemiiutmG.

245 2203 327 2256 Grut.
350 2217 430 2267 1053,
453 2219 496 2262 ιι,
515 2201 564 2253 OC
585 2201 676 2254 OPUS
693 2219 739 2272 pro
787 2201 813 2254 la
831 2199 997 2255 distinetione.
1025 2201 1101 2272 Qod
1124 2199 1177 2272 post
1197 2210 1235 2252 tot
1253 2199 1286 2252 de

245 2271 440 2332 noemam
451 2269 601 2322 habebimus
613 2287 658 2339 pro
668 2269 739 2340 basta
788 2271 882 2340 linguae
905 2271 1006 2323 Graecae
1028 2273 1136 2340 antiqua
1162 2270 1287 2324 scribendi

244 2341 336 2412 astam,
354 2338 408 2391 vid.
432 2357 457 2400 1,
479 2357 505 2405 5,
526 2340 584 2461 πῖ.)
606 2341 739 2462 inaXtimis
789 2343 884 2394 ratione
899 2339 1088 2411 disputationes,
1103 2356 1226 2392 mannora
1242 2339 1287 2392 A·

245 2409 410 2463 nonnullam
421 2409 620 2480 unphiboiaeex
664 2409 740 2480 spira·
788 2411 943 2471 rundeiiana,
972 2411 1053 2480 Sigea,
1083 2408 1190 2462 MSStos
1219 2412 1289 2463 anti-

244 2481 322 2541 tione,
335 2479 375 2532 sed
386 2497 417 2532 ex
428 2478 478 2530 sola
488 2479 660 2550 compositione
671 2497 741 2532 men-
790 2497 864 2550 quot,
875 2481 919 2533 vix
929 2497 1028 2532 monere
1039 2480 1114 2532 hodie
1125 2479 1208 2532 refert.
1236 2482 1287 2532 Fa-

244 2549 392 2616 tionetnhio
406 2547 606 2602 faciatFabins=
627 2550 652 2600 in
672 2565 742 2601 rnen·
791 2550 889 2603 miliare
907 2550 955 2604 hoc
974 2566 1064 2602 nomen
1084 2551 1185 2602 Graetis
1205 2548 1289 2613 fnisse,

244 2633 297 2674 tem
315 2621 383 2672 venit
400 2617 585 2690 ingeniostffimo
603 2618 744 2672 Werlhofio
792 2619 933 2674 induitione
943 2619 1047 2673 ostendit
1058 2619 1228 2672 Burmannus.

246 2691 338 2760 legere,
351 2689 386 2758 stt
403 2688 461 2741 litus
478 2687 605 2751 incultum,
627 2691 703 2758 quod,
725 2690 742 2742 si
829 2709 855 2754 7.
874 2689 919 2742 Aio
936 2689 973 2756 te]
992 2691 1123 2742 Ennianus
1134 2689 1217 2741 versuo
1228 2705 1288 2741 ora-

243 2759 359 2828 junctum
378 2777 467 2828 ponas,
487 2771 556 2811 notet
577 2775 626 2811 non
645 2759 741 2812 cultum
791 2759 876 2812 cuium
901 2760 1000 2831 Pyrrho
1021 2759 1108 2812 datum
1132 2759 1287 2829 complexus,

246 2847 292 2883 noc
304 2829 449 2882 colendumt
470 2827 643 2898 noivifimst
654 2829 680 2881 in
691 2829 741 2882 cul·
791 2847 866 2899 quem
884 2829 968 2882 retulit
984 2829 1061 2881 etiarn
1079 2829 1137 2881 Cic.
1150 2829 1181 2880 de
1194 2830 1286 2881 Divin.

246 2911 309 2962 tum,
326 2900 392 2952 idern
412 2898 488 2952 fuerit
509 2902 578 2969 quod
597 2897 700 2961 colatur,
712 2911 742 2952 ut
791 2917 817 2960 2,
841 2901 885 2967 56.
910 2900 957 2952 ubi
976 2899 1084 2968 reliquos
1100 2897 1186 2950 laudat
1204 2900 1288 2952 Dati-

244 2972 277 3024 de
306 2969 391 3022 fructu
415 2970 479 3022 sarta
501 2970 566 3024 tetta
588 2971 742 3022 monumenti
790 2967 848 3021 fios.
881 2969 984 3040 Virgilii
997 2969 1089 3022 ‘versut
1112 2967 1145 3020 est
1168 2969 1234 3022 AEn.
1260 2987 1287 3032 1,

247 3039 357 3114 praestari
368 3051 469 3110 queant.
501 3041 532 3091 In
543 3039 632 3092 ssmiles
644 3041 742 3110 cogita·
781 3055 852 3104 477.

136 3165 137 3170 ,
247 3113 328 3166 tiones
350 3109 438 3162 incidit
460 3107 612 3162 doitiffunus
636 3109 742 3162 Heusin·
827 3113 852 3160 8.
868 3117 916 3178 per
922 3108 1033 3179 simam]
1054 3106 1219 3178 intelligenda
1230 3125 1288 3162 nro·

247 3197 334 3252 gerne.
353 3181 420 3232 Cum
431 3179 497 3230 enirn
508 3177 623 3232 enotaiset
634 3178 743 3248 propost-
789 3179 888 3231 duiatio
910 3179 954 3232 illa
972 3181 1042 3231 vocis
1062 3189 1087 3231 et
1107 3177 1215 3239 tration,
1233 3197 1287 3248 quo

248 3263 301 3304 turn
322 3251 394 3318 supra
412 3247 528 3300 Gothani
542 3247 642 3300 secundi
657 3247 743 3300 leiiio-
790 3247 950 3318 intelligitur,
961 3265 1018 3318 quet
1025 3249 1153 3318 jungenda
1163 3245 1288 3318 srnt‚quae

249 3339 317 3382 nem,
329 3319 409 3378 Forte,
428 3317 521 3386 inquit,
537 3317 599 3370 latet
616 3317 679 3370 litus
695 3318 742 3372 hoc
793 3319 852 3370 item
870 3319 1012 3388 toporanda.
1042 3319 1143 3370 Audivi
1160 3335 1207 3388 ego
1226 3335 1284 3371 con·

250 3390 386 3450 incultum,
404 3386 424 3440 i.
438 3403 462 3438 e.
478 3386 544 3440 locus
565 3397 654 3440 aratro
674 3386 744 3441 inac-
793 3389 952 3451 cionatorenr,
972 3388 1019 3460 qui
1040 3387 1221 3440 obscurissimae
1240 3405 1287 3458 pa-

211 3462 214 3467 ’
251 3461 333 3530 cifis.
378 3456 530 3510 bitumedie
556 3455 634 3508 litem
652 3455 745 3526 pnsum
792 3459 915 3510 renrheses
933 3455 1109 3542 parenthesein
1129 3456 1288 3529 parenthesefi

251 3531 295 3600 ff
307 3527 388 3600 spatii
397 3536 504 3588 notae,e.
513 3543 543 3596 g.
557 3527 590 3578 C.
603 3527 634 3579 P.
646 3527 695 3579 vel
704 3531 741 3580 A.
792 3527 921 3590 infariias,
933 3540 969 3580 tta
985 3527 1051 3580 flexu
1069 3527 1113 3579 ilio
1125 3529 1195 3580 vocis
1207 3527 1287 3598 expli-

166 3625 169 3632 ·
249 3606 284 3656 C.
298 3601 330 3654 P.
355 3596 427 3650 Nihil
437 3597 526 3660 habeo,
534 3597 606 3665 *quod
617 3597 744 3664 adjiciam,
794 3610 871 3658 caret,
893 3608 924 3650 ut
952 3597 1016 3652 nihil
1037 3597 1149 3650 audienti
1177 3610 1288 3652 maneret

206 3710 208 3716 ,
249 3670 295 3724 nifi
316 3668 501 3736 inscriptionem
523 3667 603 3719 Grut.
628 3672 691 3730 484,
717 3687 742 3720 r.
793 3667 909 3720 difficile:
931 3669 976 3731 ita,
995 3669 1094 3736 quoties
1111 3667 1161 3720 inci
1180 3677 1230 3718 eret
1245 3667 1286 3720 iu·

248 3737 669 3796 LIBERTISLIBERTABUS
696 3739 745 3790 ΠΕ
793 3748 919 3808 terponere
929 3738 1036 3808 aliquid,
1048 3738 1148 3806 quoties
1160 3685 1287 3801 Uefineret,

251 3811 341 3864 MEIS
362 3807 395 3858 C.
414 3806 455 3858 IN
475 3807 604 3860 CULTU
622 3808 679 3860 ΜΟ
707 3809 747 3858 U·
794 3809 892 3874 quoties
909 3809 1000 3861 rediret
1018 3809 1051 3860 ad
1069 3809 1234 3880 interruptam
1249 3806 1288 3860 se·

193 3916 197 3922 ·
253 3877 426 3933 MENTUM
448 3875 531 3930 CUM
553 3877 585 3930 P.
610 3879 671 3930 XV.
692 3878 746 3930 ET
794 3879 856 3929 riern
875 3879 1016 3941 verborum,
1029 3878 1086 3930 sono
1105 3879 1157 3948 ipso
1176 3888 1200 3929 et
1219 3875 1287 3930 flexu

250 3949 356 4004 tTER.
384 3946 436 3997 Ubi
452 3963 503 4000 una
518 3965 579 4000 voce
590 3947 746 4001 scribendum
794 3945 838 3998 ino
849 3949 983 4018 aperiebat.
1012 3948 1052 4001 De
1069 3947 1117 4000 hoc
1131 3947 1197 4001 flexu
1214 3963 1288 4018 agere

253 4031 398 4074 ru‘cunru
410 4015 519 4079 videtur,
531 4029 556 4070 et
567 4016 599 4069 ad
610 4017 746 4070 habitatio·
794 4017 913 4080 Fabium,
929 4029 1040 4090 apparet,
1058 4016 1075 4070 fi
1091 4017 1233 4090 exemplum
1253 4019 1287 4070 ab

253 4107 311 4143 non
322 4099 347 4142 et
357 4083 487 4140 incolatum
498 4085 592 4139 referri.
795 4087 804 4138 i
823 4087 848 4139 so
867 4087 1020 4158 propositum
1031 4087 1156 4159 inspicias.
1182 4088 1290 4140 Monuit

290 4161 315 4210 6.
335 4157 391 4206 nior
400 4163 424 4206 et
440 4156 579 4222 nonenim]
600 4156 687 4209 Etiam
704 4156 747 4210 hie
819 4159 1117 4228 apperonerius'surntum
1132 4175 1163 4209 ex
1180 4157 1287 4212 Aristot.

253 4227 371 4298 scriptum
383 4222 434 4276 fuit
445 4225 574 4287 nimirum,
583 4234 750 4276 Tnuttnnntt-
796 4225 839 4279 El.
859 4227 965 4298 Sophist.
987 4247 1012 4290 1,
1024 4237 1058 4292 4.
1079 4225 1203 4278 πεντήκοντ’
1218 4229 1293 4292 etune

253 4305 394 4352 tontum
400 4292 473 4348 nullo
481 4295 552 4364 apice
562 4293 683 4368 apposito,
691 4292 749 4350 nui·
797 4295 872 4348 imo
886 4300 937 4350 u'nt
953 4297 1136 4368 itnf'nxnttie·
1158 4293 1236 4365 idque
1254 4296 1314 4362 itt-
