2938 4910
380 356 773 434 rusr1rounror.
799 369 883 432 mr.
902 369 973 432 vir.
997 365 1029 433 1:
1155 375 1215 454 399

179 538 206 601 ei
219 537 339 626 nuptias
357 536 505 635 Increpletis
524 533 705 625 prppt'rzqut't
727 535 780 600 iile
801 536 905 600 dacae
925 533 995 604 vult
1004 533 1114 620 filiam
1130 549 1217 623 pae-

125 623 256 721 15peris
272 625 444 688 educatoris.
489 621 560 686 Lex
579 620 620 688 de
634 643 672 684 ex
696 623 782 686 ontis
804 621 854 686 nd*
867 619 1044 685 affeeumh
1068 621 1217 706 pertinen

171 708 333 796 judicium
349 709 468 794 pendet
481 729 521 772 ex
534 706 565 770 le
590 728 609 768 e
623 708 662 770 ab
685 705 844 772 icutionis.
884 707 957 770 Nec
971 717 1079 792 tamen
1094 703 1217 792 semper
1250 765 1256 778 .

179 815 219 858 ex
233 817 297 860 una
310 793 382 880 lege
397 793 529 880 quaestio
543 729 600 871 eti,
615 803 653 856 ut
666 789 700 854 in
715 791 873 876 ἀντινομίᾳ.
917 790 980 854 His
997 789 1143 875 specietis
1158 813 1216 878 ap-

178 880 315 964 parebit,
341 881 426 944 circa
450 900 522 965 quae
548 897 657 962 pugne
680 876 728 940 fit.
773 873 953 962 Conjundte
976 873 1132 940 defensioi
1158 879 1218 958 est,

179 963 284 1049 qualis
297 985 356 1050 pro
370 964 513 1041 Rabirio,
531 962 565 1026 Si
580 960 735 1048 orcidrffet,
751 966 827 1024 rabie
840 960 958 1048 seezffet
971 985 980 1039 ;
993 962 1054 1044 sed
1072 985 1130 1025 narr
1145 963 1218 1026 occi·
1246 973 1248 978 “

126 1045 166 1111 16
180 1050 236 1114 dit.
282 1050 349 1114 Ubi
375 1070 449 1132 yero
475 1047 577 1112 multa
602 1061 714 1114 contre
739 1066 837 1110 unam
863 1045 1106 1144 propositionem
1133 1047 1216 1112 dici-

179 1155 265 1220 mus,
282 1133 492 1222 cogitendum
508 1134 550 1197 est
571 1132 723 1219 primum,
738 1129 896 1278 quidpurd
916 1130 981 1194 dici
1002 1132 1121 1216 potest:
1146 1145 1218 1198 tum

178 1241 221 1284 ex
242 1220 305 1300 his,
322 1243 388 1305 quo
403 1218 545 1306 quidque
560 1217 633 1282 loco
646 1217 711 1282 dici
733 1238 813 1302 expe
838 1217 895 1294 iat,
910 1215 1133 1281 ordinandum.
1177 1222 1222 1282 'In-

179 1327 247 1391 quo
262 1327 326 1368 non
342 1304 428 1370 idem
442 1305 556 1382 sentio,
572 1301 661 1388 quod
674 1300 715 1366 de
730 1301 992 1388 propositionibus
1007 1301 1116 1388 paullo
1130 1316 1217 1384 ante,

180 1390 333 1476 quodque
347 1389 388 1454 de
408 1387 605 1489 argumentis
626 1387 878 1474 probationumk
899 1387 972 1487 loco
993 1387 1140 1467 conceffi,
1152 1369 1217 1452 ei·
1293 1468 1297 1474 .

127 1483 165 1553 17
181 1477 309 1560 quaudo
325 1495 383 1540 nos
398 1475 537 1561 incipere
552 1472 790 1538 aflrrnioribus.
834 1475 922 1544 Nam
947 1472 995 1537 vis
1009 1473 1220 1559 questionum

131 1579 135 1588 ·
182 1561 320 1645 semper¹
342 1563 480 1626 crescere
494 1560 603 1638 debet,
618 1570 651 1624 et
671 1557 711 1622 ad
725 1558 936 1644 potentiffirna
949 1558 989 1621 ab
1005 1557 1219 1624 iufirmiffimis

129 1637 169 1701 18
182 1645 357 1730 pervenire,
369 1647 430 1710 five
445 1645 518 1715 suut
531 1643 669 1732 ejusdem
685 1642 825 1730 generis,
842 1644 902 1708 five
917 1642 1038 1708 diverfi.
1054 1643 1144 1708 Juris
1158 1667 1218 1709 au-

179 1743 249 1794 tem
265 1731 453 1816 quaestiones
465 1729 567 1796 solent
580 1729 639 1794 effe
649 1751 794 1805 nonnum
816 1751 891 1792 uam
906 1749 945 1792 ex
956 1727 1028 1792 aliis
1039 1740 1136 1828 atque
1148 1731 1219 1796 aliie
1277 1755 1280 1760 ·

183 1815 474 1898 conflictationibus
486 1828 526 1880 ¹¹¹:
551 1814 627 1880 sacti
648 1815 771 1900 semper
784 1750 871 1878 idern
892 1811 1054 1898 spetient3
1078 1837 1111 1878 in
1127 1829 1218 1880 utro-

182 1923 248 1986 que
261 1923 380 1988 genere
395 1901 504 1966 similis
519 1900 597 1965 ordo
611 1900 667 1964 est.
713 1898 777 1964 Sed
791 1898 880 1998 prius
895 1899 937 1962 de
950 1897 1162 1980 dissimilibus,
1177 1923 1219 1966 ex
1241 1950 1243 1955 -

181 1987 302 2071 quibus
324 1987 568 2052 infirmiffimum
589 1983 732 2072 quidque
757 2005 895 2070 prunum
923 1983 1051 2048 traciari
1078 2001 1217 2070 oportet.

183 2071 325 2158 ideoque
338 2073 490 2159 quasdem
512 2071 701 2157 quaestiones
721 2069 860 2136 exsecuti
879 2069 998 2134 donare
1017 2069 1168 2150 solemus,
1185 2086 1220 2136 et

128 2161 132 2204 .·
182 2157 370 2222 concedere.
414 2159 532 2244 Neque
555 2155 642 2220 enim
663 2155 790 2220 transire
812 2154 853 2220 ad
874 2153 951 2218 alias
973 2154 1146 2240 possumus,
1163 2158 1219 2220 nisi

131 2249 170 2322 19
182 2243 300 2306 omiffis
316 2242 487 2328 prioribus.
533 2239 633 2306 Quod
655 2240 758 2327 ipsum
781 2240 826 2304 ite
845 2239 912 2304 fieri
936 2243 1073 2324 oportet,
1090 2261 1168 2316 non,
1183 2254 1222 2307 ut
1301 2257 1304 2264 '

182 2327 340 2392 damnasse
355 2349 408 2392 ene
422 2327 597 2404 videamur,
612 2324 666 2390 sed
679 2325 822 2404 omififfe,
837 2325 913 2410 quia
927 2325 1076 2410 possimus
1088 2337 1100 2366 ¹¹
1122 2327 1220 2392 etiam

76 2425 79 2434 ·
184 2412 247 2476 sine
261 2412 307 2474 eis
322 2410 460 2476 vincere.
506 2413 684 2474 Procurator
698 2411 824 2498 alicujus
865 2409 997 2473 caroniam
1014 2411 1139 2497 petitae
1149 2413 1218 2496 foe·

183 2520 254 2580 nore
269 2495 467 2560 hereditario:
490 2496 591 2580 potest
606 2494 745 2560 incidere
759 2425 901 2582 quaeiiio,
916 2495 972 2558 Aa
987 2495 1054 2559 bair
1076 2496 1129 2580 effi
1145 2513 1218 2584 prou

129 2593 348 2646 iro-curatorem
376 2581 498 2644 liceat?
542 2580 644 2666 Finge
676 2603 746 2660 nos,
775 2579 941 2665 postquam
970 2581 1177 2646 trabiavimuu
1192 2597 1218 2662 ⁰,

95 2729 99 2734 .
132 2695 134 2702 ·
184 2667 359 2745 remittere,
374 2667 426 2730 vel
440 2666 537 2730 etiam
551 2665 721 2730 convinci:
744 2677 919 2752 quaeretur,
935 2664 988 2728 Aa
1009 2665 1047 2744 ei,
1063 2668 1144 2754 cujm
1163 2693 1219 2732 oo-

184 2751 262 2814 mirre
284 2751 435 2838 litigatur,
455 2762 672 2839 procuratorem
695 2750 824 2814 habendi
835 2750 882 2834 sit
892 2751 980 2836 jus?
1002 2747 1228 2818 'Discedemue

185 2835 262 2900 hinc
277 2859 425 2923 quoque:
448 2835 562 2922 recipit
582 2835 738 2900 materie?
760 2835 978 2921 quaestionem,
994 2835 1046 2900 An
1060 2837 1124 2915 ille,
1140 2841 1221 2926 ary'ar

185 2923 301 2985 nomina
326 2922 441 3008 agitur,
471 2922 553 2984 heres
569 2921 616 3006 stt
632 2920 858 3008 faeneratoris?
890 2944 931 2982 arr
957 2944 993 2983 aar
1021 2922 1081 3006 affl
1109 2924 1225 2990 bores?

132 3019 170 3067 21
187 3007 269 3070 Haec
283 3027 413 3094 quoque
426 3004 569 3070 conceffa
583 3006 663 3070 sint:
685 3018 860 3092 quaeretur,
876 3005 929 3068 An
943 3002 1111 3070 debeatur?
1134 3008 1222 3072 Con-

186 3105 247 3172 tra,
263 3114 359 3176 nemo
380 3105 446 3154 tam
466 3089 599 3155 demens
612 3090 710 3155 fuerit
721 3103 746 3169 q,
762 3101 818 3155 utr
841 3089 886 3167 id,
901 3090 988 3190 quod
1012 3091 1221 3158 firmiffimuni

186 3177 314 3242 duxerit
336 3179 368 3242 se
388 3177 506 3241 habere
516 3187 539 3253 ⁸,
555 3175 728 3254 remitiet‘,
749 3173 845 3240 etad
867 3175 986 3239 leviore
1007 3176 1219 3244 transcendat.

187 3262 277 3328 Huic
292 3263 335 3326 'in
361 3262 469 3328 schole
495 3261 594 3326 fimile
619 3261 673 3339 est,
695 3261 766 3326 Non
789 3260 943 3325 abdicabis
967 3261 1162 3350 adoptatum:
1187 3277 1223 3344 ut

187 3347 266 3410 bunc
280 3371 413 3434 quoque,
436 3371 494 3412 non
508 3345 751 3432 cirnmfortemr·
766 3358 799 3410 rit
814 3345 982 3431 atfortem3
998 3371 1069 3426 non,
1085 3349 1221 3434 quiram-

186 3433 408 3518 quevoluntati
422 3442 507 3496 tuce¹¹
530 3431 764 3520 cooperuerit:
785 3442 824 3510 et,
838 3443 873 3496 ut
895 3431 928 3494 irr
951 3431 1016 3495 alia
1031 3433 1128 3496 omnia
1140 3435 1220 3519 sub·
1303 3473 1305 3478 ·

184 3663 187 3674 ,
220 3619 365 3668 “effet‘tum
379 3621 410 3667 G.
445 3663 449 3670 .
476 3619 478 3624 ’
502 3605 679 3669 ‘diffentioG.
777 3618 1224 3730 ¹¹probationumiocogloffmpurar

187 3685 332 3750 Mosellanur,
344 3703 385 3750 quo
397 3684 505 3733 indicetur
517 3696 541 3747 5,
554 3699 592 3742 12,
606 3699 644 3746 14.
741 3683 748 3716 ¹
767 3683 910 3745 percrescere
921 3685 952 3732 G.
964 3685 1027 3732 Jens.
1039 3695 1061 3732 et
1071 3705 1084 3730 a
1096 3696 1150 3748 κιφ.
1162 3689 1222 3736 Bur.

180 3748 466 3814 sedviriffe,ipfirjudiae.
508 3757 552 3785 “⁰
568 3748 835 3800 conflibiionibusiens.
900 3755 912 3778 ¹¹
931 3749 1097 3811 posshmueid.
1164 3761 1224 3800 vce

188 3813 268 3876 adjicit
278 3817 309 3862 G.
325 3828 344 3861 1.
362 3815 456 3870 eadem,
470 3814 501 3862 G.
510 3819 537 3864 ἰ.
601 3815 831 3864 fraternalem.
912 3819 924 3851 q
961 3824 1079 3862 emerem
1089 3817 1223 3866 vehemens

187 3880 267 3938 merit,
280 3891 308 3928 ut
319 3893 377 3926 cum
389 3878 413 3924 id
425 3877 586 3928 firmiffinruni
598 3879 643 3925 dre.
654 3877 686 3925 G.
700 3893 721 3924 2.
734 3881 865 3928 vehemens
876 3829 984 3925 euasti.
999 3892 1019 3926 r.
1058 3927 1061 3934 Ι
1085 3881 1223 3945 rcumirff.

187 3941 251 3990 Jens.
318 3941 464 4006 *croſsia
528 3943 616 3991 tiilud
627 3943 667 4006 rifi
679 3941 710 3992 G.
721 3944 784 3991 Jcns.
850 3947 863 3973 ¹²
881 3943 1008 4002 eJ'usJens.

225 4125 270 4160 21.
287 4107 568 4180 et,ut-··srrbjetiurfit]
589 4109 615 4160 Si
631 4107 680 4161 ribi
728 4108 768 4170 fit,
781 4107 797 4160 sr
808 4126 857 4161 non
874 4110 1002 4179 pnnrerit3
1021 4121 1105 4160 tamen
1153 4122 1224 4181 opter

189 4176 333 4258 eoncedapr,
346 4180 371 4230 in
387 4179 436 4230 alia
455 4182 539 4234 omnia
556 4179 630 4260 illinp
646 4179 683 4230 ira
729 4177 860 4258 opinionem
872 4179 982 4231 abdicari
993 4195 1042 4231 non
1055 4187 1141 4249 potet.
1171 4183 1223 4304 Op-

189 4247 239 4302 tibi
250 4245 386 4314 subjeetum
397 4248 450 4311 effe,
464 4261 497 4302 ur·
505 4249 616 4304 abdicari
626 4247 681 4327 pos·
729 4259 817 4302 nonem
827 4246 991 4319 momenque
1003 4249 1092 4302 habeat
1110 4249 1192 4303 Obrer
1212 4267 1224 4295 ⁴·
