3022 4920
266 543 849 635 sontverba,cu1nidsgnifieant,in
873 545 962 632 quod
983 547 1121 635 primurn
1147 543 1295 610 denomi·
1443 543 1447 552 “

266 645 340 696 nata
353 633 442 708 sunt3
466 631 627 718 traiylata,
643 631 827 696 eumalium
844 644 956 695 natura
969 633 1179 712 intelletlum,
1194 631 1295 696 alium
1452 635 1456 646 '

266 715 339 782 loco
353 717 508 802 praebent.
535 716 658 801 Uſstotis
672 717 773 780 tutius
787 716 928 780 utimur:
952 741 1032 782 eroon
1048 741 1110 782 non
1132 718 1195 782 fine
1209 737 1295 803 quo·
1376 738 1380 748 ·

266 801 340 864 dam
363 801 503 886 periculo
527 802 691 888 tingimus.
735 803 822 865 Nam
842 800 862 864 fi
885 817 1012 889 recepta
1033 803 1117 882 sunt,
1132 801 1295 866 modicam

266 886 395 952 laudem
417 885 552 951 afferunt
571 885 706 951 orationi
715 901 738 966 ³;
763 885 939 972 repudiata,
954 889 1051 952 etiarn
1074 889 1107 952 in
1123 888 1216 974 jocos
1235 907 1294 949 ex·

266 985 358 1036 eunt.
401 970 595 1036 Audendum
613 987 742 1035 tamen:
765 993 914 1056 namque,
929 985 968 1036 ut
983 974 1098 1038 Cicero
1119 974 1175 1051 ait,
1198 971 1294 1035 etiam
1309 978 1354 1050 72

267 1079 341 1142 quae
355 1056 483 1142 primob
498 1055 577 1120 dura
590 1058 654 1121 visa
668 1058 750 1136 sunt,
768 1056 822 1120 usu
844 1055 1042 1123 molliuntur.
1085 1058 1149 1123 Sed
1163 1056 1298 1121 minime

269 1140 362 1206 nobis
376 1139 517 1206 concello
534 1142 578 1206 est
591 1138 798 1227 disputavisse·
816 1141 888 1228 quis
902 1141 988 1207 enim
1004 1143 1094 1223 serat,
1110 1144 1130 1206 sr
1152 1141 1232 1230 quid
1255 1141 1296 1204 li-

268 1226 346 1292 mile
357 1226 421 1290 illis
429 1227 543 1290 merito
551 1225 697 1304 laudatis,
709 1225 790 1306 λίγξε
807 1224 876 1304 βιὸς,
891 1238 924 1289 et
940 1228 1007 1308 σίζει
1023 1226 1177 1310 ὀφθαλμὸς,
1193 1227 1297 1325 linge·

269 1333 303 1376 re
318 1311 514 1376 audeamus?
538 1313 609 1375 Jarn
631 1333 671 1374 ne
687 1311 790 1374 balare
810 1309 941 1396 quidem
965 1325 1022 1376 aut
1040 1313 1157 1375 hinnire
1176 1311 1301 1377 sortiter

267 1395 457 1474 diceremus,
474 1393 527 1459 nili
538 1394 664 1482 judicio
679 1395 839 1462 vetustatis
853 1395 1039 1460 niterentur.

313 1484 375 1546 Vl.
398 1483 450 1544 Est
464 1481 559 1544 etiam
583 1481 636 1544 sua
656 1480 863 1567 loquentibus
884 1481 1071 1560 observatio,
1086 1481 1140 1546 sua
1157 1481 1299 1546 seriben-
1396 1561 1398 1565 ι

270 1565 367 1630 tibus.
416 1565 513 1631 Sermo
538 1567 656 1630 eonslat
677 1566 811 1644 ratione,
826 1567 989 1646 vetustate,
1005 1568 1203 1645 auderitate,
1219 1589 1299 1631 con-

269 1651 445 1716 suetudine.
472 1651 623 1714 Rationem
643 1652 766 1736 praeslat
785 1650 878 1736 praeci
902 1673 943 1716 ue
965 1651 1120 1738 anologio,
1136 1673 1300 1716 nonnum·

270 1759 368 1818 qixam
391 1748 424 1799 et
449 1735 630 1822 etimologio.
658 1735 761 1800 Vetera
792 1673 931 1820 majestis
956 1736 1114 1823 quaedam,
1139 1749 1174 1800 et
1194 1749 1233 1800 ut
1259 1737 1300 1804 fic

266 381 310 462 46
505 383 552 446 M.
565 383 691 443 FABll
713 377 1056 456 QUINOTILIANI

272 1809 556 1908 dixerim,·religio
580 1821 794 1884 commendat.
827 1821 1002 1884 Aottoritas
1025 1823 1064 1886 ab
1086 1821 1264 1886 oratoribus
1274 1833 1336 1904 ⁶,2

187 1957 190 1965 .
272 1906 322 1969 nel
344 1905 498 1969 historicis
513 1906 578 1990 peti
593 1904 692 1969 solet:
716 1927 789 1968 narn
810 1917 919 1990 poetas
940 1908 1034 1970 metri
1060 1905 1221 1971 necesitas
1241 1929 1300 1971 ex·

272 1991 372 2068 cusat,
387 1990 442 2052 nisr
457 1992 478 2053 fi
492 1989 631 2076 quando,
648 1989 730 2054 nihil
745 1989 939 2076 impediente
954 1991 986 2053 in
1008 2005 1079 2056 utro
1103 1992 1168 2055 uc‘¹
1183 1989 1300 2056 modu-

272 2075 391 2138 latione
406 2075 535 2160 pedum,
552 2075 686 2138 alterum
702 2074 837 2153 malunt,
849 2075 954 2161 qualia
962 2015 1151 2156 sunt-(lm
1166 2078 1203 2140 de
1202 2075 1303 2176 stirpe

272 2161 409 2247 recisum
423 2160 599 2224 et-At'riae
608 2183 663 2248 qno
674 2161 829 2246 congeſji're
836 2160 1007 2246 palumbem
1023 2161 1189 2226 et-Silice
1198 2186 1230 2226 m
1241 2187 1301 2226 nu-

274 2245 327 2321 da,
346 2257 382 2308 et
407 2243 543 2310 similia:
574 2267 647 2308 cum
673 2243 867 2309 summorum
893 2245 925 2307 in
951 2245 1136 2332 eloquentia
1160 2247 1303 2310 virorum

267 2329 428 2417 judicium
451 2349 508 2415 pro
530 2328 663 2407 ratione,
683 2341 717 2392 et
738 2330 789 2393 vel
818 2351 905 2392 error
928 2329 1075 2394 honestus
1100 2332 1142 2394 est
1165 2351 1302 2418 magnos

274 2414 372 2479 duces
392 2413 607 2502 sequentibus.
645 2413 824 2502 Consuetudo
851 2435 926 2478 vero
954 2416 1121 2479 certiffima
1148 2415 1335 2502 loquendis

274 2521 327 2566 ma
352 2501 442 2564 ’llraz
470 2499 625 2564 utendum
650 2520 690 2563 ue
715 2499 809 2586 plane
833 2499 986 2578 sermone,
1010 2513 1047 2564 ut
1075 2523 1222 2578 nummo,
1249 2499 1305 2566 cui

270 2523 403 2673 polilica
415 2584 518 2648 forma
531 2585 585 2650 est.
663 2587 751 2649 mnia
760 2597 867 2648 tamen
884 2583 955 2646 haec
968 2585 1104 2674 exigunt
1123 2607 1194 2649 acre
1209 2584 1305 2672 judi·
1320 2652 1323 2656 ,

274 2671 374 2748 cium,
391 2669 535 2755 analogia
549 2669 721 2756 praecipue,
737 2691 833 2755 quam
854 2669 997 2754 proxime
1017 2691 1056 2732 ex
1071 2671 1188 2734 Graeco
1203 2670 1304 2734 trans-

276 2753 415 2818 ferentes
436 2754 471 2817 in
485 2755 648 2833 Latinum,
661 2754 872 2842 proportionem
886 2766 1088 2818 vocaverunt.
1132 2755 1210 2840 Ejus
1232 2755 1341 2833 haec4

275 2839 324 2904 vis
340 2841 394 2918 est,
408 2851 448 2902 ut
470 2838 504 2905 id
526 2839 613 2926 quod
636 2839 770 2903 dubium
785 2839 840 2917 est,
856 2837 896 2900 ad
911 2835 1032 2926 aliquid
1051 2838 1162 2917 simile,
1177 2840 1217 2903 de
1237 2862 1305 2928 quo

276 2947 342 2988 non
357 2923 522 3010 quaeritur,
537 2923 661 3003 reserat,
676 2935 715 2987 ut
728 2925 850 2987 incerta
870 2923 962 2986 certis
977 2923 1109 3008 prebete
1133 2923 1221 3010 quod
1235 2924 1305 2988 effi·

277 3009 361 3072 citur
375 3007 495 3093 duplici
511 3009 576 3072 via:
600 3009 814 3096 comparatione
828 3005 975 3071 similium
989 3008 1022 3070 in
1038 3009 1188 3072 extremis
1201 3010 1305 3073 maxi·

276 3113 329 3158 me
350 3093 488 3179 syllabis,
519 3093 767 3182 (propterquod
788 3113 836 3170 ea,
865 3113 938 3178 quae
960 3090 1065 3156 sunto
1086 3093 1230 3180 singulis,
1246 3115 1305 3158 ne·

275 3192 396 3266 gantur
417 3178 532 3244 debere
552 3178 734 3260 rationem)
760 3191 794 3242 et
818 3176 1019 3242 diminutione.
1058 3179 1245 3266 Comparatio
1270 3179 1341 3258 in5

308 3371 320 3394 ⁸
338 3363 542 3438 Oratori'qnaedam
554 3363 663 3438 dirimet,
676 3362 793 3438 quodsm
804 3361 953 3438 praemlenim.
1018 3360 1029 3392 ὓ
1048 3363 1150 3425 principi
1166 3365 1197 3411 G.
1210 3363 1307 3410 Minime

277 3428 346 3541 ἔπ’,
359 3443 471 3490 principi,
486 3428 564 3489 hocest
575 3433 750 3488 primumdum.
800 3425 964 3476 ‘audonbus
975 3426 1006 3475 G.
1053 3428 1183 3492 &utraque
1199 3428 1230 3477 G.
1241 3429 1307 3478 leus.

314 3672 357 3717 72.
371 3653 465 3718 Cicero]
479 3653 518 3706 De
525 3651 586 3704 Nat.
596 3653 672 3704 Deor.
689 3669 712 3712 r,
725 3667 768 3716 34.
818 3649 910 3704 vimus.

279 3713 340 3776 vrdl
352 3722 417 3775 infra
429 3728 454 3784 8,
470 3741 493 3786 3,
508 3741 550 3786 32.
854 3739 880 3771 2.
899 3719 1212 3790 Ai'riae-palnmbedEcl.
1225 3739 1249 3787 3,
1263 3726 1307 3794 69.

315 3793 348 3845 C.
366 3793 415 3843 VI.
436 3811 462 3842 o.
481 3793 531 3844 lma
543 3791 574 3841 de
583 3789 675 3858 stirpe]
693 3789 767 3858 Virg.
817 3801 843 3840 et
855 3789 957 3841 altemm
968 3790 1069 3842 defilice
1081 3791 1138 3842 Ecl.
1154 3811 1197 3854 1‚1
1205 3811 1230 3858 ς.

279 3863 347 3916 AEn.
362 3880 404 3921 12,
418 3867 479 3912 208.
515 3863 575 3920 His,
594 3875 651 3927 quse
669 3875 684 3908 a
703 3858 766 3909 Bur·
852 3876 880 3922 4.
894 3869 1015 3926 negantur
1024 3859 1105 3910 debere
1115 3861 1247 3926 rationem]
1257 3861 1311 3914 Ca·

178 3967 180 3971 -
279 3948 370 3986 manno
388 3943 473 3982 notata
490 3929 554 3988 sunt,
572 3928 631 3979 add.
646 3927 720 3978 Cato.
738 3927 769 3977 de
818 3930 940 3978 merarius
952 3945 964 3977 e
976 3927 1114 3990 conjetlura
1126 3930 1251 3982 substituit
1263 3931 1311 3982 ha-

280 4001 359 4054 R.R.
374 4018 420 4062 40.
441 4019 466 4050 2.
478 3998 579 4069 stirpem
591 3995 727 4066 precisum,
743 4007 770 4048 et
818 3995 890 4047 bere.-
917 3995 983 4064 quod
1003 3995 1057 4047 sane
1077 4015 1162 4050 verum
1182 4001 1224 4054 est.
1263 4001 1312 4054 Sed

281 4069 383 4122 Colum.
411 4086 443 4133 5,,
456 4088 482 4135 9,
502 4085 544 4132 ¹3·
567 4066 665 4118 eximo
680 4065 768 4136 stirpe.
819 4081 876 4133 quae
896 4079 944 4116 non
964 4063 1060 4134 babent
1073 4067 1195 4120 rationem
1216 4087 1244 4122 ea
1265 4087 1310 4124 nec

282 4141 396 4206 Utroque
408 4150 472 4189 certe
484 4137 584 4196 inloto,
597 4152 699 4204 magnas
712 4153 770 4186 suc·
818 4133 913 4194 debent,
926 4133 951 4186 id
972 4132 1004 4184 est
1025 4151 1110 4187 comm
1127 4140 1248 4190 rationem
1265 4156 1310 4191 nec

281 4212 393 4260 raritates
412 4208 495 4268 secuti,
512 4205 543 4258 tic
561 4205 681 4258 edendum
698 4221 769 4256 curs·
817 4203 890 4255 debet
903 4203 1098 4256 Grammaticus.
1127 4207 1311 4264 Nimhumne.
