3024 4912
451 392 618 493 suerro.
637 390 837 455 oneror.
857 393 947 454 tre..
962 395 1018 462 rv.
1037 411 1067 456 2.
1211 409 1273 480 247
1343 449 1345 452 ,

245 550 426 619 Antonium
451 555 628 642 descripti0‚
656 555 793 644 Namque
817 558 910 644 ipsum
934 557 1088 644 ffrndant
1114 561 1271 632 temulento

234 640 340 726 sopore
351 638 553 728 prffligatam,
570 644 635 706 totis
646 643 819 740 praecordiis
821 642 1002 727 stertentem,
1013 647 1155 732 rubiuffos
1166 647 1267 734 spiri-

245 735 292 786 tus
303 726 466 810 geminare,
477 727 698 814 praclarcyquc
712 728 927 791 contubernales
942 728 980 790 ab
992 729 1268 817 omnibusspoudis⁸
1360 749 1362 754 '

189 810 428 896 ‘124transvcrsas
452 811 598 889 incubare,
613 827 641 876 ct
666 812 795 898 reliquas
807 824 821 852 Χ
844 813 1043 900 circnny'accrc
1050 815 1177 901 paffrn:

245 903 343 956 tantan
357 895 535 960 exanimata
556 910 674 978 terrore,
690 897 808 983 hostium
833 898 964 962 adverae
984 911 1126 986 percepto,
1141 915 1268 970 excitare

243 977 406 1045 Antonium
418 981 618 1044 conabantur:
634 1006 735 1046 noman
749 981 949 1052 inclamabant
959 981 1093 1068 :frustra
1108 987 1266 1051 cervicibus

187 1125 190 1136 ,
243 1063 401 1136 tollebant.-
419 1065 557 1129 blandius
571 1067 635 1132 alin
651 1068 694 1131 ad
706 1092 806 1132 aurem
820 1067 989 1145 invocabat,
999 1070 1194 1136 vehementius
1208 1072 1266 1136 ai-

242 1171 292 1211 am
304 1150 608 1236 nonnullaferirbat:
632 1177 756 1238 quarum
772 1177 834 1216 cnm
847 1152 972 1216 omnium
985 1173 1082 1215 vocam
1102 1164 1266 1244 tactumque

241 1234 397 1320 ntffcitaret
408 1249 434 1316 ²,
445 1237 591 1324 proxima
605 1240 742 1325 czrs'usquc
754 1237 858 1300 collum
873 1237 1009 1323 amplexu
1019 1239 1137 1324 patabat
1141 1265 1152 1319 3
1175 1266 1268 1328 nequo

241 1319 367 1384 dormire
381 1321 534 1398 excitatus,
547 1347 639 1408 neque
652 1323 785 1407 vigilare
799 1322 895 1385 ebrius
905 1333 1022 1408 poterat
1029 1345 1038 1400 3
1052 1323 1191 1408 scdsemi
1203 1350 1265 1390 orn«

241 1427 279 1468 no
289 1405 395 1491 sopora
409 1407 485 1468 inter
499 1431 604 1469 manns
619 1408 812 1470 centurionum
827 1407 1104 1494 concubinarumque
1117 1409 1265 1494 jactaba.

242 1499 304 1552 tur.
348 1489 441 1552 Nihil
464 1489 514 1554 his
529 1513 633 1576 neque
648 1491 831 1556 credibilius
853 1491 944 1578 fingi,
962 1514 1001 1556 ne
1026 1513 1066 1558 ue
1092 1493 1265 1560 vehemen-

187 1583 230 1639 125
244 1572 329 1638 tiue³
353 1575 546 1658 exprobrari,
574 1597 677 1662 neque
702 1575 894 1640 manifestius
916 1514 1034 1641 ostendi
1057 1579 1166 1662 potest.
1209 1580 1266 1646 Ne

241 1655 323 1722 illud
338 1657 466 1743 quidem
481 1660 659 1746 praeteribo,
676 1674 825 1747 quantem
841 1659 948 1727 afferat
969 1661 1064 1726 fidem
1082 1663 1266 1750 expositioni

241 1744 396 1816 narrantis
415 1744 583 1820 audentes
600 1769 608 1808 ε
629 1767 725 1832 quam
748 1745 861 1810 mereri
885 1745 1038 1812 debemus
1059 1760 1132 1812 ante
1155 1750 1266 1814 omnia

240 1827 371 1914 quidem
387 1828 462 1907 vita,
480 1829 531 1893 sed
546 1843 578 1894 et
592 1830 657 1916 ipso
671 1851 788 1918 genere
802 1829 967 1896 orationis:
991 1832 1078 1917 quod
1092 1856 1158 1918 quo
1169 1833 1266 1906 fuerit

279 1913 377 1993 avius,
393 1913 541 1992 sanstius,
557 1915 619 1980 hoe
634 1915 704 2001 plus
718 1914 835 1982 habeat
848 1916 967 1980 necesse
986 1917 1029 1979 est
1051 1917 1084 1983 in
1105 1918 1265 1984 affirman-

185 1997 228 2045 116
263 2019 426 2086 equoque
439 1999 609 2085 ponderis.
640 1999 830 2100 Effugienda
851 1999 951 2087 igitur
969 2000 1002 2064 in
1024 2000 1084 2069 hac
1106 2003 1266 2090 praeeipue

237 2095 326 2170 parte
342 2082 446 2148 omnis
460 2083 642 2154 calliditatis
655 2085 808 2170 suspreio:
833 2089 952 2171 (neque
972 2085 1057 2150 enim
1079 2085 1110 2150 se
1130 2087 1265 2178 usquam

238 2168 373 2232 custodit
394 2169 497 2256 magis
513 2169 628 2257 judex)
655 2169 737 2240 nihil
757 2169 903 2240 videatur
923 2170 1045 2252 fliium,
1061 2171 1143 2245 nihil
1157 2171 1264 2240 solici·.

238 2264 307 2318 tum
327 2278 335 2315 ι
358 2254 468 2318 omnia
491 2254 598 2342 potius
621 2255 886 2344 aconitaque
910 2256 951 2320 ab
975 2257 1266 2354 oratoreproiedta

185 2347 228 2394 ur
240 2338 419 2406 credantur.
464 2340 528 2404 Sed
551 2340 614 2406 hoe
678 2339 794 2408 tinen
814 2339 986 2427 possumus,
1001 2354 1034 2404 et
1047 2363 1147 2426 perne
1161 2355 1271 2414 artem·
1362 2345 1393 2426 ,’

127 2450 131 2462 ¹
238 2435 401 2508 putamus,
417 2422 471 2497 nist
487 2438 633 2512 appareat
671 2446 776 2496 teum
794 2444 965 2495 nesruun
980 2424 1185 2503 arseffe‚fia
1205 2450 1263 2515 pa·
1307 2487 1310 2490 .

237 2519 299 2572 ret.
344 2509 520 2576 Pendemus
535 2531 575 2575 ex
588 2508 693 2588 laude,
708 2521 805 2595 atque
819 2509 902 2575 hane
917 2508 1033 2574 laboris
1054 2510 1148 2576 nostri
1192 2512 1264 2578 uei·

238 2614 310 2658 mue
325 2593 492 2658 summam.
537 2596 597 2672 Ita,
611 2617 683 2680 quae
702 2593 974 2666 circumstantibus
995 2596 1148 2660 ostentare
1168 2597 1263 2662 volu-

184 2680 226 2729 118
239 2699 322 2756 mue,
331 2677 497 2764 judicibus
510 2678 685 2764 prodimus.
728 2679 783 2742 Est
796 2692 830 2742 et
842 2679 989 2764 quaedam
1004 2679 1127 2766 repetita
1148 2705 1262 2746 narra·

239 2762 289 2840 tio,
304 2784 376 2848 quae
399 2765 566 2846 ἐπιδιήγησις
592 2762 720 2843 dieitur,
742 2763 814 2828 sane
838 2785 888 2828 res
913 2765 1121 2838 declamatoria
1146 2766 1263 2853 magis,

237 2869 333 2934 quam
346 2847 477 2934 forensis
491 2871 501 2927 3
523 2845 596 2912 ideo
609 2862 716 2912 autem
731 2860 863 2934 reperta,
878 2849 926 2926 ut‚·
942 2848 1018 2932 quia
1037 2849 1174 2914 narratio
1188 2853 1262 2916 bre·

236 2933 283 2996 vis
298 2932 357 2996 eise
372 2933 480 3012 debet,
497 2931 592 2996 fufius
611 2945 645 2996 et
659 2933 801 2998 ornatius
822 2955 872 2996 res
895 2933 993 3018 pollet
1013 2933 1149 3018 exponit
1172 2935 1262 3021 quod
1311 2993 1314 3001 s

236 3018 272 3082 fit
288 3016 336 3081 vel
349 3015 476 3082 invidiae
530 3017 604 3093 atia,
618 3017 666 3082 vel
682 3017 898 3084 miserationis.
943 3017 981 3080 Id
993 3039 1063 3086 raro
1077 3016 1261 3086 faciendum

229 3102 353 3191 judico,
370 3125 473 3189 neque
488 3039 529 3166 lid
542 3125 708 3190 umquam,
724 3114 762 3166 ut
775 3115 862 3166 totus
882 3102 961 3166 ordo
980 3114 1159 3188 repetatur:
1182 3105 1273 3170 lieet*

234 3189 320 3254 enim
337 3210 393 3274 per
405 3199 511 3275 partes
524 3187 610 3253 idem
632 3187 792 3274 consequi.
837 3188 999 3265 Ceterum,
1014 3187 1071 3274 qui
1088 3188 1138 3252 uti
1160 3191 1261 3269 inrite-

233 3271 316 3354 γήσει
339 3272 435 3352 volet,
451 3272 638 3338 narrationis
663 3272 757 3336 lococ
779 3293 847 3341 rem
871 3272 1011 3358 stringat,
1036 3285 1070 3336 et
1090 3285 1260 3338 contentus

235 3355 388 3436 indicare,
404 3358 479 3444 quid
511 3365 609 3422 abtum
621 3361 635 3400 ἀ
645 3357 692 3442 stt
700 3383 710 3437 3
734 3358 838 3445 quasit
852 3357 1075 3442 rnodofatlunt,¹
1087 3358 1212 3443 plenius
1227 3359 1259 3421 se

180 3456 222 3507 119
235 3440 308 3506 loco
322 3442 376 3506 suo
390 3456 600 3528 experturum
615 3443 675 3506 elle
695 3443 871 3529 promittat.
915 3441 1047 3505 initium
1071 3443 1259 3506 narrationis

116 3531 124 3542 “
234 3525 364 3614 quidam
380 3527 492 3613 utique
505 3525 685 3591 iaciendum
700 3527 991 3613 apersonaputant,
1002 3548 1147 3613 eamque,
1157 3523 1270 3596 sinos,

233 3623 283 3678 tra
297 3612 344 3691 fit,
360 3610 532 3676 emendam
548 3634 557 3687 3
581 3611 693 3690 aliena,
709 3610 922 3676 infamandam
939 3611 1053 3676 statim.
1097 3614 1171 3676 Hoc
1185 3612 1257 3675 sane

232 3696 513 3786 frequentiffimum
528 3695 582 3776 est,
599 3697 674 3783 quia
689 3697 826 3784 persona
848 3696 931 3773 sunt,
946 3696 1029 3758 inter
1050 3717 1128 3782 quas
1148 3695 1258 3783 litiga.

264 3906 276 3930 ¹¹
296 3898 645 3964 venmianCaepAEarri.
661 3899 749 3960 14,18.
790 3897 1131 3958 ¹reliquiastemulentiaeid.
1175 3899 1256 3960 ¹dIg-

231 3964 358 4012 noscitaret
370 3965 401 4010 id.
424 3997 427 4002 -
482 3963 637 4011 avtolennus
649 3965 679 4011 G.
764 3959 775 3991 ⁵
794 3961 890 4024 apparet
899 3963 930 4008 G.
1010 3970 1019 3993 ⁶
1039 3977 1089 4011 rem
1100 3963 1154 4010 loco
1166 3963 1259 4032 edicunt.¹

231 4028 404 4076 &delcetantur
413 4027 498 4087 durius,
509 4029 530 4075 i.
542 4046 561 4074 e.
573 4044 613 4074 mn
624 4027 755 4076 Fabianam.
817 4035 828 4058 ‘¹
847 4025 901 4074 iobii
913 4027 945 4074 G.

231 4188 301 4241 VIII
312 4188 364 4256 ejus
377 4187 541 4258 epistolarum,
554 4186 662 4257 elogium
673 4205 717 4238 au·
767 4187 882 4257 praeclare
892 4186 1061 4242 confirmatur.

230 4267 281 4311 tem
293 4259 320 4311 iu
330 4259 411 4314 Bruto
422 4276 446 4312 c.
461 4277 503 4327 79.
521 4258 590 4328 quod
601 4260 646 4310 hoc
665 4257 719 4310 loco

779 4341 837 4406 1³4
