2870 4916
264 367 305 432 se
491 351 1059 426 sarnirrcurttetrnrnnr

258 527 375 618 enrpla,
405 541 472 595 tarn
502 523 595 594 laesae'
612 528 732 604 hercle,
762 533 860 636 apuam
892 513 1085 620 conservate,
1110 505 1295 594 santiiffime

189 696 192 702 ¹
257 615 431 704 utrobique
454 613 627 702 opinionis.
669 598 795 680 Nasura
820 613 974 702 cujusque
997 627 1128 678 ‘totum
1154 634 1295 702 curaque

257 696 362 766 distat.
405 702 459 765 Da
479 713 620 766 mentem
643 698 682 764 ad
703 699 812 788 pejora
832 699 971 779 facilem,
995 699 1036 764 da
1059 699 1293 800 negligentiam

256 785 416 852 formandi
440 783 700 872 custodiendique
725 784 759 849 in
785 798 882 852 aetate
909 786 1013 873 prima
1039 785 1192 871 pudoris:
1228 806 1293 850 non

255 871 414 936 minorem
429 871 562 960 flagitiis
576 871 769 936 occasionem
792 871 911 936 secreta
931 869 1146 958 praebuerintr
1171 877 1298 936 namet

255 957 318 1022 elle
339 958 440 1043 potest
453 955 555 1046 turpis
575 957 765 1022 domesticus
777 955 834 1023 ille
848 969 1034 1044 praeceptor,
1051 977 1110 1020 nec
1129 957 1229 1022 tutior
1242 956 1293 1020 in·

256 1056 306 1108 ter
321 1042 423 1107 servos
436 1041 551 1121 malos,
564 1065 660 1130 quam
677 1042 837 1130 ingenuos
858 1063 968 1128 parum
984 1041 1142 1106 modestos
1156 1063 1292 1106 conver·

254 1127 334 1193 satio
348 1127 404 1192 est.
445 1128 493 1192 At
508 1127 528 1191 st
543 1129 628 1192 bona
641 1128 735 1216 ipsius
750 1126 886 1206 indoles,
901 1127 921 1190 sr
944 1149 1008 1190 non
1030 1147 1116 1191 caeca
1135 1149 1173 1192 ac
1192 1127 1326 1228 sopitas

255 1226 424 1300 parentum
446 1211 588 1278 socordia
608 1214 671 1278 elle
694 1225 727 1277 et
748 1223 977 1300 praeceptorem
1000 1212 1040 1276 eli
1067 1233 1119 1278 ere
1140 1211 1292 1279 sanstissi-

256 1321 347 1364 mum
371 1298 570 1386 quemquel,
596 1297 700 1386 (cujus
726 1298 772 1363 rei
795 1297 954 1398 praecipua
980 1233 1193 1384 prudentibus
1216 1321 1295 1364 cura

205 1431 213 1440 -
255 1383 313 1466 eli)
337 1397 371 1448 et
392 1383 603 1470 disciplinam,
624 1407 699 1472 quae
720 1403 859 1448 maxime
880 1382 984 1448 severa
1004 1382 1112 1462 fuerit,
1134 1383 1233 1464 licet3
1260 1397 1295 1449 et

255 1467 467 1534 nihilominus
482 1470 621 1534 amioum
636 1491 767 1556 gravem
784 1469 901 1548 virum,
913 1481 969 1534 aut
983 1469 1109 1533 fidelem
1124 1468 1295 1550 libertum,

253 1553 347 1620 lateri
369 1554 427 1620 filii
451 1554 499 1620 sui
520 1553 708 1643 adjungere,
725 1553 816 1641 cujus
841 1553 976 1622 affiduus
999 1553 1170 1620 comitatus
1192 1555 1300 1620 etiam'

254 1639 329 1704 illos
350 1639 500 1704 meliores
513 1639 621 1720 faciat,
660 1640 693 1704 ui
709 1640 911 1706 timebuntur
921 1639 942 1704 ¹.
987 1639 1092 1704 Facile
1106 1651 1174 1704 erat
1195 1639 1296 1728 hujus

254 1738 363 1790 metus
387 1725 578 1791 remedium.
656 1725 757 1789 tinam
783 1725 955 1790 liberorum
982 1727 1159 1788 nostrorum
1186 1723 1328 1792 mores6

255 1831 321 1876 uon
337 1809 390 1898 ipsi
428 1809 619 1878 arderemus.
665 1810 834 1875 Infantiam
852 1809 952 1874 statim
973 1809 1097 1874 deliciis
1117 1809 1293 1876 solvimus:

255 1895 365 1961 mollis
379 1834 436 1960 illa
450 1897 610 1978 educatio,
626 1919 723 1984 quarn
746 1895 977 1983 indulgentiam
1000 1917 1161 1975 vocamus,
1179 1917 1298 1960 nervos
1347 1957 1352 1964 .

254 2003 369 2046 omnes
390 1982 563 2046 ermenus
582 1997 616 2048 et
629 1981 772 2086 corporis
793 1981 926 2068 frangit.
970 1981 1060 2048 Quid
1082 2001 1147 2044 non
1162 1979 1294 2046 adultus

256 2067 471 2170 conpupisoet,
485 2066 542 2166 qui
556 2067 589 2132 in
603 2067 750 2154 purp'uris
764 2067 870 2216 repit?
896 2067 1052 2131 Nondum
1073 2066 1177 2214 prima
1198 2068 1296 2132 verba

1058 2173 1076 2215 c

254 2153 417 2250 opprimit,
430 2153 480 2217 et¹
497 2175 566 2240 Jam
582 2175 715 2218 coccum
732 2153 797 2216 inte
812 2152 897 2240 ligii,
908 2151 976 2239 jarn
995 2173 1054 2214 con
1123 2151 1203 2215 lium
1221 2151 1293 2240 pos-

255 2252 314 2303 crt.
356 2239 446 2302 Ante
468 2239 609 2325 palatum
632 2259 757 2316 eorum,
781 2260 876 2323 quarn
901 2249 980 2318 osm,
1003 2237 1208 2302 instituimus.
1255 2239 1324 2321 ln7

254 2319 380 2390 afficis·
401 2325 566 2388 crescunt:
591 2325 611 2388 fi
634 2337 750 2388 terram
771 2322 983 2410 attigerint,e
1004 2323 1153 2386 manibus
1173 2322 1293 2387 utrim-

255 2431 320 2558 pue
342 2408 562 2474 sustinentium
584 2409 738 2495 pendent.
783 2408 1019 2486 Gaudeamus
1043 2407 1121 2496 quid
1142 2407 1294 2472 licentius

279 2494 406 2558 inerint.
450 2493 569 2572 Verba,
596 2515 637 2558 ne
666 2493 888 2560 Alexandrinis
917 2493 1047 2580 quidem
1079 2493 1295 2580 permittenda

256 2579 392 2656 deliciis,
405 2579 468 2644 risu
483 2592 516 2643 et
530 2579 639 2645 osculo
653 2580 852 2667 excipimus:
876 2601 936 2644 nec
951 2580 1088 2644 mirum:
1112 2596 1171 2642 nos
1188 2578 1291 2645 docu-

217 2735 224 2746 ,
254 2665 353 2744 imus,
368 2687 407 2728 ex
429 2666 524 2730 nobis
543 2665 724 2730 audierunt.
769 2666 897 2730 Nostras
919 2663 1049 2742 amicas,
1066 2665 1187 2728 nostros
1210 2666 1323 2730 con-8

207 2751 391 2840 „Abbium
406 2749 533 2816 vident:
550 2771 646 2816 omne
661 2750 842 2816 convivium
858 2743 1001 2815 obscenis
1015 2734 1149 2816 caniicis
1165 2749 1290 2837 strepit:

154 2841 156 2845 ’
253 2859 275 2925 p
321 2859 360 2901 en
385 2835 506 2901 adius
519 2838 708 2922 spatiantur.
754 2835 805 2902 lit
826 2857 866 2900 ex
883 2835 934 2900 his
948 2835 1158 2913 consuetudo,
1175 2835 1293 2900 deinde

249 2937 378 2988 ,natura
422 2921 558 2987 Discunt
571 2922 644 2987 haec
657 2921 763 2986 miseri
778 2932 853 2985 ante
869 2943 964 3007 quam
989 2920 1087 2984 sciant
1108 2921 1186 2984 vitia
1207 2919 1290 2986 effe:

253 3007 330 3074 inde
343 3006 437 3072 soluti
453 3026 489 3071 ac
505 3009 640 3072 fluentes
655 3029 718 3072 non
742 3006 933 3093 accipiunto
954 3005 1069 3071 scholis
1091 3005 1201 3070 malan
1223 3003 1291 3087 ista,

253 3091 310 3158 sed
324 3092 356 3156 in
372 3092 496 3157 scholas
516 3081 663 3158 alliciunt.
707 3093 829 3156 Verum
851 3091 884 3154 in
907 3091 1015 3156 studiis
1038 3091 1143 3177 magis
1165 3091 1295 3164 vacabit

254 3200 339 3244 unus
353 3178 423 3242 uni.
465 3179 554 3244 Ante
575 3177 683 3242 omnia
704 3177 787 3241 nihil
808 3176 959 3263 prohibet
980 3177 1040 3241 ell'e
1061 3177 1168 3257 illurn,
1185 3177 1291 3240 nescio

253 3285 353 3353 quem
369 3285 484 3343 unum,
497 3263 595 3328 etiam
610 3283 686 3328 oum
707 3281 759 3344 eo,
775 3263 878 3352 quiin
895 3261 1011 3326 scholis
1026 3254 1181 3329 eruditur.
1226 3259 1321 3349 Sedo

262 3471 267 3490 '
286 3475 300 3507 ⁸
317 3478 400 3516 tamen
408 3476 451 3530 pro
461 3467 575 3528 cujusque
587 3467 620 3515 G.
683 3463 695 3501 h
713 3483 754 3513 em.
767 3465 799 3514 G.
863 3463 870 3496 ¹
889 3465 1036 3514 timebantur
1047 3463 1079 3522 G.
1091 3465 1214 3514 timebunt
1224 3442 1295 3515 lens:

253 3534 262 3568 ¹
280 3551 320 3582 aar.
333 3535 363 3580 G.
376 3544 398 3579 er
408 3533 473 3582 Jens.
539 3537 557 3562 ¹ss
577 3543 655 3578 mores
664 3531 728 3578 Jens.
740 3531 787 3578 Sed
796 3545 823 3578 os
835 3527 857 3576 iu
871 3529 971 3579 Gathano
982 3547 1063 3576 nuum
1069 3527 1200 3592 praestdicnr
1211 3531 1288 3578 balet.-

253 3617 281 3651 «ε
291 3597 476 3665 rqpondenrstbi,
488 3596 598 3646 nondum
610 3597 688 3658 prima
699 3596 771 3644 rerba
782 3597 906 3659 exprimit,
918 3607 939 3642 er
950 3611 977 3644 os
987 3595 1144 3644 instituimus.
1176 3601 1188 3628 ⁸
1202 3613 1246 3644 ona
1257 3596 1288 3643 (λ

288 3795 317 3842 4.
336 3771 563 3843 Natura-dpiatl·
580 3772 666 3826 ‘sotum
683 3774 747 3827 illud
796 3776 888 3836 todias,
899 3775 1035 3844 utrubique
1049 3773 1113 3827 effici
1126 3771 1209 3844 ptulit,
1221 3773 1289 3844 quod

253 3850 284 3902 de
304 3846 406 3918 publica
421 3863 452 3896 an
470 3845 568 3914 privata
585 3844 745 3908 institutione,
795 3846 923 3915 probetur,
940 3844 957 3896 sr
974 3844 1098 3914 negligas,
1110 3842 1186 3896 facile
1203 3846 1289 3914 perda-

254 3915 362 3990 quodsi
380 3927 483 3966 eventus
501 3913 576 3964 modo
596 3913 697 3985 speeies,
715 3934 745 3966 n·
796 3928 837 3966 tur
860 3917 909 3968 διε.
946 3915 1002 3984 lpse
1022 3915 1088 3968 enim
1111 3913 1209 3968 Fabius
1231 3914 1289 3970 satis

254 4001 317 4042 nnrn
337 3997 362 4037 et
385 3983 525 4036 indifferens
543 3983 651 4044 videtur,
674 3985 746 4052 (cnm
795 3984 912 4054 explicat.

255 4057 389 4126 utrobique
401 4065 424 4106 et
436 4067 624 4122 corrumpantur
635 4054 745 4117 juvenes,
833 4057 858 4105 8.
873 4051 1062 4120 nihilprolrilet]
1076 4051 1205 4104 Nimirum
1215 4051 1289 4122 jungi

253 4141 279 4180 et
291 4125 396 4178 feliciter
406 4122 557 4189 adolescant)
570 4122 642 4191 distat
653 4132 765 4175 natura*
792 4123 865 4189 jubet
882 4121 1010 4193 publicam
1026 4128 1084 4174 csrm
1103 4125 1201 4191 privata
1223 4121 1289 4174 inlli-

255 4181 380 4265 cujusque)
392 4194 462 4264 pueri
482 4208 506 4244 et
525 4209 587 4245 cura
600 4205 745 4261 parentum,
797 4193 902 4252 tutione,
915 4209 964 4262 qua
982 4211 1007 4245 re
1019 4191 1082 4245 nihil
1094 4191 1202 4262 eogitari
1213 4185 1292 4264 pctess'

256 4277 285 4320 ut
297 4264 314 4318 li
325 4267 417 4320 bonam
428 4275 541 4316 naturam
550 4261 681 4331 diligenter
692 4263 747 4316 cns·
797 4262 938 4316 salutarius.
