3022 4920
272 365 336 446 126’
503 387 548 450 M.
570 387 693 446 rnen
715 387 1067 449 onruorrnraur

257 549 318 614 -dn
333 549 424 614 aliter
436 549 647 616 defenfionem
672 550 825 629 Socratis,
841 564 874 616 et
897 571 1019 631 eorum,
1036 552 1092 638 qui
1108 574 1173 639 -pro
1197 552 1299 640 patria

262 637 453 716 ceciderant,
478 637 607 702 laudem
636 635 817 724 scripsrlset?
854 661 929 724 quae
957 653 1042 704 certe
1067 639 1140 702 sunt
1163 641 1297 706 oratoris

261 743 369 807 opera.
413 721 477 786 Sed
493 722 524 784 in
541 721 622 788 illud
638 722 810 786 hominum
828 745 943 870 penus,
960 724 1049 810 quod
1071 725 1222 790 facultate
1244 725 1294 788 di·
1309 739 1351 806 30

260 807 354 870 cendi
371 807 452 872 male
467 810 626 885 utebatur,
644 808 787 872 invedlus
809 829 827 872 e
855 857 863 872 .
908 811 996 872 Nam
1018 822 1051 874 et
1073 811 1220 874 Socrates
1242 811 1294 874 in-

260 891 420 956 honestam
435 893 489 958 fibi
505 893 639 958 credidit
653 894 842 968 orationem,
855 917 951 980 quam
967 896 997 959 ei
1011 895 1119 981 Lysias
1134 918 1189 958 reo
1205 917 1295 960 com·
1334 933 1341 947 ·

259 977 425 1062 posuerat:
450 993 483 1042 et
502 993 571 1042 tum
595 980 733 1042 maxime
754 978 886 1042 scribere
908 979 1136 1066 litigatoribus,
1152 1003 1225 1067 quae
1246 981 1294 1046 illi

259 1082 319 1212 pro
333 1062 363 1126 se
386 1064 441 1150 ipsr
465 1064 618 1142 dicerent,
635 1063 833 1142 eratmoris;
858 1081 891 1128 at
915 1089 954 1129 ue
976 1068 1022 1128 ita
1041 1066 1120 1152 juri,
1161 1089 1201 1130 uo
1229 1090 1293 1130 non

273 1148 379 1212 icebat
406 1172 463 1235 pro
494 1149 594 1214 altero
622 1171 729 1236 agere,
760 1149 843 1212 fraus
869 1089 1097 1216 adhibebatur:¹
1170 1152 1293 1216 ociores
1305 1166 1345 1230 31

260 1247 411 1319 quoqueu
434 1236 501 1323 ejus
523 1235 598 1298 artis
642 1257 730 1298 arum
749 1235 858 1298 idonei
881 1235 1008 1300 Platoni·
1019 1237 1219 1316 videbantur,
1236 1237 1293 1323 qui

258 1321 418 1384 rhetoricen
435 1344 453 1384 a
469 1320 590 1406 justitia
610 1257 798 1407 idpararent‚
815 1335 848 1384 et
872 1322 953 1386 veris
975 1323 1141 1386 credibilia
1183 1322 1291 1386 raeler-
1334 1377 1337 1384 .

258 1420 353 1470 rent:
378 1429 450 1469 nam
473 1407 517 1490 id
529 1428 658 1492 qnoque
673 1407 754 1468 dicit
773 1405 807 1468 in
831 1405 975 1471 Plraedro'.
1022 1408 1145 1471 Consen
1158 1408 1211 1470 rlle
1232 1429 1290 1478 au·⁴
1304 1421 1354 1487 32-

258 1503 326 1554 tem
340 1491 403 1556 illis
417 1491 626 1576 superioribus
641 1491 742 1554 videri
756 1491 855 1576 potest
870 1492 966 1559 etiam
983 1493 1151 1558 Cornelius
1168 1493 1291 1572 Celsus,

257 1577 351 1662 cujus
367 1579 436 1640 haee
452 1578 548 1642 verba
561 1577 646 1656 sunt,
665 1576 878 1661 Oratorfimile
893 1589 1009 1642 tantum
1025 1579 1091 1642 veri
1102 1578 1188 1666 petit.
1225 1581 1293 1646 De.

256 1660 333 1726 inde
350 1661 458 1748 paullo
479 1663 556 1749 post,
574 1662 733 1727 Norremrn
748 1663 822 1726 bono
838 1665 1024 1750 conscientia,
1034 1666 1095 1749 sed
1107 1665 1235 1728 victorio
1250 1665 1291 1728 li·

256 1747 395 1834 tigantis,
418 1747 457 1832 est
476 1747 669 1834 praemium.
715 1748 799 1812 Quae
825 1749 844 1810 fi
870 1770 942 1812 vera
964 1751 1072 1826 essent,
1087 1749 1291 1834 peffimorurir

254 1831 425 1899 hominum
440 1833 533 1911 foret,
549 1834 618 1897 haec
632 1847 699 1898 tam
713 1833 887 1918 perniciosa
906 1830 1131 1900 nocentitlimis
1146 1835 1290 1900 moribus
1328 1861 1335 1900 2

254 1915 330 1983 dare
350 1921 565 1998 instrumenta,
581 1932 614 1982 et
635 1919 811 2004 nequitiam
833 1921 1001 2006 praeceptis
1022 1920 1181 2005 adjuvare.
1226 1921 1289 1984 Sed
1301 1929 1341 2000 33

253 2001 303 2068 illi
318 2005 471 2068 rationem
488 2004 646 2089 opinionis
661 2006 723 2068 suae
744 2004 893 2068 viderint.
939 2007 1010 2068 Nos
1031 2019 1139 2070 autem
1164 2005 1287 2092 ingrellr

256 2089 392 2154 formare
419 2088 595 2174 perfectum
620 2103 772 2168 oratorem,
796 2112 891 2175 quem
916 2089 948 2152 in
971 2091 1082 2176 primis
1103 2089 1163 2154 effe
1188 2092 1289 2154 virum

255 2173 359 2239 bonum
375 2176 532 2252 volumus,
549 2174 589 2238 ad
604 2197 670 2253 eos,
686 2174 743 2262 qui
759 2175 804 2238 do
814 2176 877 2239 hoc
892 2195 986 2260 opere
1001 2175 1118 2239 melius
1132 2174 1286 2255 sentiunt,

251 2275 457 2324 revertamur.
503 2261 675 2325 Rhetoricae
696 2273 803 2324 autem
828 2259 958 2346 quidam
980 2261 1127 2324 eamdem
1150 2260 1286 2324 civilita-

255 2357 311 2408 tem
326 2347 385 2409 elle
394 2345 641 2432 judicaverunt:
667 2345 781 2410 Cicero
786 2346 925 2431 scientiae
938 2345 1038 2410 civilis
1048 2358 1165 2434 partam
1180 2360 1286 2413 vocat.

256 2431 364 2494 Civilis
384 2431 634 2578 autemrsrientia
654 2431 740 2495 idem
762 2431 849 2516 quod
862 2431 904 2516 sa
925 2430 1016 2494 lentio
1043 2433 1096 2495 est.
1142 2431 1285 2496 Quidam
1320 2481 1330 2493 .

253 2517 377 2580 etiamr
404 2518 493 2603 philo
507 2517 623 2602 ophiae,
647 2538 783 2602 quorum
808 2517 851 2580 est
875 2518 1022 2580 locrates
1036 2529 1061 2580 ².
1107 2517 1195 2580 Huic
1216 2517 1285 2604 ejus
1296 2527 1340 2594 34

250 2602 430 2668 substantiae
444 2603 583 2666 maxime
599 2602 749 2666 convenit
764 2601 878 2680 finitio,
894 2601 1065 2667 Rhetoricae
1080 2603 1133 2687 effe
1151 2603 1219 2665 bene
1234 2603 1284 2665 di-

250 2687 336 2751 'cendi
347 2689 519 2836 (cientium.
563 2691 649 2751 Nam
675 2700 709 2751 et
729 2688 879 2751 orationis
901 2709 1012 2753 omnes
1036 2688 1168 2752 virtutes
1189 2687 1287 2752 semel

250 2773 485 2859 compeditur,
501 2785 534 2836 et
549 2773 693 2859 protinus
715 2794 819 2836 mores
834 2773 930 2837 etiam
948 2773 1094 2851 oratoris,
1108 2795 1183 2836 cum
1202 2775 1285 2837 bene

251 2857 356 2922 dicere
383 2881 446 2922 non
493 2859 572 2937 offit,
588 2857 643 2921 nist
658 2859 845 2923 virbonus.
892 2858 980 2922 Idem
1009 2859 1093 2922 valet
1119 2843 1284 2946 Chiysrppi
1296 2862 1337 2935 35

250 2942 321 3007 finis
337 2944 390 3008 ille
414 2882 566 3009 <ludusa
590 2943 759 3034 Cleanthe,
777 2944 907 3029 seientia
931 2945 1165 3008 maledicendi
1202 2945 1284 3008 Sunt

283 3171 294 3194 ¹
314 3183 357 3212 om.
367 3167 430 3214 Jens.
524 3174 535 3202 t
553 3166 660 3228 primum
670 3165 776 3224 tentat,
788 3161 845 3231 quod
855 3165 934 3228 effugit
944 3163 1107 3224 oculatffmum
1119 3164 1281 3223 Burmannunr,

250 3230 367 3278 Lorarelll.
431 3252 442 3282 r
461 3242 544 3280 autem
554 3231 618 3279 Jens.
682 3239 696 3265 2
712 3231 820 3278 Socrates
831 3231 894 3278 lens.
911 3240 932 3276 et
943 3229 1008 3276 multi
1018 3239 1055 3290 ap.
1067 3231 1145 3274 Barm.

285 3429 328 3479 29.
347 3411 437 3482 defens.
451 3415 533 3478 Sora]
553 3411 655 3464 Exstant
666 3409 739 3465 hodie
784 3407 879 3476 gantis,
900 3407 940 3460 sed
959 3408 1064 3460 oratoris
1081 3407 1139 3477 agir
1161 3406 1177 3459 fi
1198 3421 1280 3462 tamen

247 3479 275 3532 in
293 3481 404 3532 Platonis
426 3486 542 3551 operibns
560 3501 618 3534 curn
631 3481 738 3533 Socratis
786 3480 817 3530 de
824 3479 942 3548 praemt'o:
962 3479 1035 3528 nobis
1052 3494 1117 3530 certe
1133 3477 1214 3530 multo
1226 3497 1279 3530 ma-

247 3551 373 3620 apologia‚
395 3563 449 3602 tum
472 3552 583 3614 ὲπιτίφιος
606 3554 674 3612 λόγος,
697 3550 738 3601 cni
787 3549 827 3618 gis
839 3549 961 3618 placebat,
970 3549 1035 3616 quod
1047 3549 1079 3600 est
1091 3551 1117 3600 in
1129 3549 1216 3618 primis
1226 3550 1280 3606 edi-

246 3623 322 3672 etiam
334 3623 464 3673 Menexeni
477 3637 565 3672 nomen
575 3618 727 3688 praescripsit.
788 3620 908 3678 tionibus,
928 3619 1046 3686 primum,
1068 3635 1124 3686 qnae
1147 3635 1195 3669 vox
1211 3635 1278 3676 ,cnm
1349 3667 1351 3672 ,

286 3709 328 3756 30.
349 3691 491 3750 orationem,
509 3707 583 3760 quam
603 3688 625 3739 ei
642 3687 735 3758 Lysias]
786 3705 830 3756 per·
858 3689 1042 3758 compendium,
1067 3689 1220 3746 scriberetur,
1250 3686 1278 3736 in

208 3761 212 3767 '
247 3759 339 3813 Narrat
351 3762 445 3832 copiose
457 3772 481 3812 et
491 3762 614 3830 eleganter
631 3759 687 3810 Cic.
707 3758 737 3809 de
782 3760 910 3824 premium
922 3758 994 3809 abiit.
1008 3756 1118 3808 Primum
1130 3755 1198 3822 quod
1210 3753 1277 3824 spec·

246 3831 319 3882 Orat.
344 3849 368 3891 1,
394 3849 442 3896 54:
475 3829 558 3899 paullo
582 3829 653 3880 aliter
676 3827 734 3880 Val.
786 3839 823 3878 tat
843 3840 935 3887 orator,
956 3827 1012 3880 finis
1031 3843 1104 3894 quem
1124 3824 1169 3875 fibi
1185 3841 1276 3894 propo·
1367 3889 1372 3892 ἱ

246 3900 320 3952 Max.
334 3904 359 3960 6,
371 3920 397 3964 4.
411 3913 461 3952 ext.
475 3919 501 3950 2.
530 3901 639 3968 itemque
654 3899 734 3966 Diog.
785 3898 833 3956 nit,
845 3898 877 3950 est
895 3897 998 3949 vidoria
1016 3895 1139 3964 litigantis
1157 3911 1202 3962 pro
1224 3911 1276 3964 quo

245 3969 331 4020 Laert.
345 3987 371 4030 2,
383 3988 428 4032 40.
785 3967 857 4020 dicit.
1106 3999 1108 4004 ·

253 4087 256 4091 ,
283 4057 325 4101 32.
350 4039 461 4092 virroria
483 4036 617 4107 litigantis]
648 4037 735 4088 Aliter
823 4055 835 4101 3
842 4057 865 4102 3.
885 4034 1046 4098 civilitatem]
1071 4030 1201 4086 Platonico
1223 4033 1273 4088 sen-

242 4107 371 4160 ditinum·
383 4121 435 4162 erat
446 4109 577 4168 hic‘locus‚
588 4107 638 4176 sed
651 4105 732 4166 vitio,
784 4103 820 4164 su,
834 4110 955 4163 warram,
968 4104 1087 4156 rationem
1099 4103 1210 4156 civitatis
1223 4103 1275 4154 De-

198 4236 203 4247 l
243 4177 294 4238 ria,
313 4176 434 4246 litigantis
452 4180 483 4247 cst
499 4176 636 4246 praemium.
663 4175 733 4228 Mihi
783 4175 922 4226 moeraticae
935 4171 1055 4242 regendae,
1068 4191 1126 4243 quae
1145 4171 1293 4243 omnisfcfi

241 4264 298 4300 tero
308 4265 358 4300 non
378 4249 510 4302 ridebatur
522 4249 551 4300 de
565 4245 665 4318 premio
683 4243 734 4297 liri·
782 4255 809 4296 re
821 4245 847 4298 iu
859 4243 967 4296 oratione
979 4241 1016 4296 rel
1029 4243 1142 4309 δημηγορίᾳ
1153 4241 1220 4296 inest.
