2870 4916
322 361 489 428 russis.
510 360 719 430 onsrox.
743 363 828 427 ma.
847 364 873 426 r.
894 383 923 427 2.
1100 383 1138 450 19
1188 321 1193 344 '

71 471 212 616 ¹993le
243 525 379 606 Deinde
406 549 480 601 cum
496 526 696 680 &referenda
722 529 795 608 sunt
819 528 930 607 studia,
957 506 1075 620 caligat
1102 531 1137 598 in
1167 546 1202 596 or
1220 510 1339 593 daras

110 613 176 695 sole,
190 626 227 682 et
242 615 355 690 omnia
378 636 495 690 novao
519 615 627 680 enditu
652 629 689 680 ut
703 615 759 701 qui
773 614 857 680 solus
874 613 1033 697 didicerit,
1072 619 1137 694 uod
1169 648 1212 698 ,ff
1228 621 1329 690 aban

69 699 182 770 uinta
196 701 322 769 multos
337 700 518 766 faciendum
533 702 586 778 est.
628 662 732 768 illino
754 701 923 781 amicitias,
938 725 1009 788 quae
1032 641 1072 768 ad
1087 703 1136 770 se-

108 782 264 865 nedutem
282 787 388 876 ¹usque
412 785 591 852 firmiffirnae
614 785 741 869 durant,
757 785 904 876 religiosa
924 787 1060 876 quadam
1077 813 1135 856 ne-

107 871 288 950 oeffitudine
309 871 462 936 imbutae:
489 891 619 940 necue
639 871 725 943 enim
748 871 791 940 est
806 872 952 954 sanetius,
968 875 1060 940 sacris
1082 875 1136 940 iis-

108 955 186 1036 dem,
200 980 303 1056 quam
320 956 425 1022 studiis
447 955 577 1052 initiari,
622 952 753 1064 §cusum
777 955 889 1043 ipsum,
909 959 965 1058 qui
987 983 1135 1028 commu-

107 1041 150 1108 nis
165 1037 298 1120 dicitur,
315 1043 371 1108 ubi
387 1042 496 1120 discet,
513 1063 589 1110 curn
604 1041 633 1106 se
649 1063 669 1104 a
683 1042 858 1137 congressu,
875 1067 931 1131 qur
953 1068 1016 1111 non
1031 1045 1137 1110 homi-

106 1126 194 1211 nibus
214 1124 335 1209 soluat,
351 1127 404 1192 sed
419 1127 517 1208 mutis
530 1149 660 1216 quoque
674 1127 866 1195 animalibus
881 1130 1032 1202 naturalis
1043 1141 1057 1170 ¹
1079 1134 1149 1214 est,

67 1224 95 1272 21
108 1209 134 1276 se
169 1193 297 1300 esgarffll
334 1213 441 1294 Adde,
457 1213 544 1298 quod
560 1213 649 1292 domi
666 1213 782 1278 casola
796 1213 915 1282 discere
935 1217 1045 1301 potest,
1084 1241 1244 1298 uae-m·-

106 1235 451 1386 ipspraecspientur2;
486 1298 518 1366 in
538 1298 655 1386 schola,
677 1299 773 1365 etiarn
793 1323 866 1390 quae
886 1299 969 1366 aliis.
1013 1241 1210 1368 Audict-»—

108 1381 201 1464 multa
217 1383 367 1470 quotidie
382 1383 507 1470 probari
535 1383 639 1451 multa
658 1375 813 1472 acoriigi:
838 1385 978 1472 proderit
1001 1387 1135 1474 alicujus

66 1477 98 1527 22
108 1467 268 1556 objurgata
282 1466 418 1541 desidia:
441 1431 582 1556 proderit
601 1469 730 1555 laudata
750 1469 921 1536 industria:
944 1471 1135 1540 excitabitur

107 1551 193 1619 laude
207 1539 398 1641 emulatio?
421 1567 513 1642 turpe
528 1555 624 1621 ducet
639 1553 751 1623 cedere
765 1555 844 1644 pari,
859 1555 1028 1642 pulchrum
1043 1557 1134 1645 lupe-

108 1637 176 1705 raffe
197 1640 347 1727 majores.
390 1641 583 1724 Accendant
607 1641 715 1708 omnia
738 1640 809 1707 haec
831 1643 975 1708 animos:
1002 1657 1035 1708 et
1057 1643 1225 1710 licet—-

109 1721 165 1808 ipsa
176 1723 293 1793 vitium
306 1726 355 1796 „stt
377 1723 522 1806 ambitio,
537 1723 719 1812 frequenter
734 1738 839 1792 tamen
854 1728 956 1792 caussa
976 1727 1134 1794 virtutum

69 1819 98 1886 23
111 1809 156 1872 est.
198 1809 278 1891 Non
308 1810 456 1891 inutilem
485 1811 551 1879 sc'io
576 1811 731 1892 servatum
756 1811 815 1876 else
840 1814 1134 1900 apraeccptoribus

109 1894 334 1974 memorarem,
350 1898 406 1983 qui
422 1920 496 1964 curn
518 1919 633 1984 pueros
648 1897 679 1960 in
703 1896 808 1962 classes
831 1897 1065 1978 distribuerant,
1078 1922 1132 1974 or,-

112 1976 210 2056 dincm
224 1981 357 2053 dicendi
372 1982 546 2048 secundum
567 1983 649 2064 viras
662 1983 784 2068 ingenii
799 1981 937 2048 dabant:
960 1996 994 2048 et
1013 1983 1058 2046 ita
1079 1985 1131 2048 su-

108 2065 221 2150 periore
236 2067 312 2151 loco
356 2067 467 2154 uisque
488 2067 700 2144 declamabat,
716 2080 752 2132 ut
766 2067 968 2156 praecedere?
989 2068 1134 2154 prosectu

71 2156 104 2222 24
113 2148 278 2229 videbatur.
361 2151 433 2239 ujus
451 2153 498 2218 rei
513 2152 638 2240 judicia
652 2155 892 2240 praebebantur:
916 2176 953 2218 ea
974 2154 1065 2218 nobis
1080 2156 1131 2218 in-

110 2255 181 2318 gens
201 2237 321 2328 palmae
335 2237 519 2305 contentio:
543 2239 659 2304 ducere
681 2260 754 2302 vero
776 2238 912 2318 claffem,
933 2239 1037 2304 multo
1057 2241 1131 2326 pul-

112 2317 308 2408 cherrimum.
353 2323 425 2407 Nec
448 2323 489 2388 de
512 2324 575 2388 hoc
594 2324 688 2388 semel
711 2323 875 2388 decretum
896 2338 986 2388 erat:
1015 2327 1131 2390 trieefi-

111 2424 176 2478 mus
196 2404 264 2474 dies
283 2403 445 2491 reddebat
465 2409 551 2474 vibio
573 2409 755 2474 certaminis
777 2411 980 2496 potestatem:
1003 2410 1050 2474 ita
1072 2432 1133 2475 nec

112 2485 238 2574 superior
261 2493 402 2558 successu
424 2517 531 2558 curam
557 2493 752 2572 remittebat,
777 2507 809 2556 et
854 2493 923 2558 olor
945 2494 1066 2558 rislum
1090 2495 1133 2560 ad
1333 2549 1352 2592 (Ι

73 2571 279 2660 atdepstlend
342 2579 557 2668 ignominiam
583 2601 602 2644 c
624 2579 775 2644 ncitabat.
882 2579 974 2642 nobis
997 2557 1133 2644 annidies
1150 2567 1300 2671 assuefiat
1316 2581 1410 2654 vy'ff‘s'

113 2657 147 2722 td
172 2661 269 2731 studia
296 2661 421 2749 scendi
446 2643 570 2730 faiiss
610 2659 717 2730 didisse
726 2679 750 2744 0,
774 2687 871 2750 quam
896 2664 1132 2730 exhortationes

114 2741 312 2832 docentium,
333 2750 492 2840 padagog
513 2753 587 2814 runi
622 2749 807 2830 custodiam,
838 2762 914 2814 vota
949 2763 1129 2834 parentum,

134 2829 252 2899 uantum
270 2832 372 2900 aninli
387 2835 451 2898 mei
470 2833 651 2920 conjestura
672 2834 824 2920 colligere
867 2835 978 2913 ossum,
994 2817 1130 2898 cdnten-

74 2847 212 2983 2⁶derim.
252 2920 323 2988 Sed
343 2921 421 2984 sicut
441 2918 594 2984 firmiores
613 2919 647 2982 in
667 2919 767 2984 literis
783 2856 945 3005 prolbstus
960 2919 1016 2982 alit
1030 2941 1130 2984 aemu-

113 2995 190 3081 latio,
204 3005 247 3070 ita
261 3005 504 3092 incipientibus,
520 3017 616 3092 atque
630 3003 735 3069 adhuc
750 3003 879 3082 teneris,
896 3003 1130 3090 condiscipulo·
1229 3079 1231 3088 y

114 3103 174 3150 rum
189 3113 283 3176 quam
309 3089 509 3178 praeceptoris
524 3089 710 3176 jucundior,
726 3089 789 3154 hoc
813 3090 880 3175 ipso
894 3089 981 3179 qnod
995 3089 1130 3171 facilior,

114 3165 237 3239 imitatio
252 3179 309 3240 est.
355 3177 417 3241 Vix
432 3176 516 3239 enim
531 3176 562 3238 se
577 3175 678 3260 prima
691 3174 850 3238 elementa
864 3175 905 3238 ad
919 3175 1004 3260 spem
1019 3174 1131 3240 tollere

114 3253 303 3356 effingendae,
340 3283 414 3325 uam
430 3261 585 3326 summam
600 3271 723 3346 putant,
739 3260 929 3348 eloquentiae
943 3259 1129 3324 audebunt:

116 3283 493 3432 proxima*am1ilediuntur
508 3345 624 3432 magis,
643 3365 693 3408 ur
713 3345 794 3410 vites
809 3345 973 3408 arboribus
995 3325 1130 3430 applici-

116 3434 151 3486 1ae
160 3427 184 3504 ἃ,
205 3429 368 3498 inferiores
388 3431 474 3517 prius
495 3428 761 3516 apprehendendo
775 3452 892 3506 ramos,
909 3429 940 3492 in
964 3430 1132 3494 cacumina

77 3515 106 3584 27
118 3511 250 3582 evadunt.
297 3517 397 3584 Quod
409 3515 491 3579 adeo
505 3538 614 3580 verum
629 3515 682 3593 est,
698 3527 735 3578 ut
750 3513 843 3600 ipsius
865 3515 961 3578 etiam
977 3515 1128 3599 magistri,

118 3591 243 3664 filamen
262 3599 436 3667 ambitiosis
459 3600 549 3668 utilia
562 3589 719 3686 praessret,
735 3599 798 3663 hoc
818 3621 899 3690 opus
914 3599 961 3676 fit,
977 3621 1050 3662 cum
1072 3599 1130 3662 ad-

117 3673 171 3744 huc
183 3685 272 3750 rudia
285 3687 434 3751 tradabit
448 3686 588 3773 ingenia,
604 3705 668 3748 non
687 3683 789 3747 statim
811 3700 940 3748 onerare
961 3683 1130 3747 infirmita-

118 3769 173 3828 tem
187 3767 385 3851 discentium,
401 3771 453 3835 sed
468 3785 643 3857 temperare
667 3769 749 3848 vires
767 3767 848 3850 suas,
865 3783 898 3832 et
919 3767 961 3832 ad
982 3767 1129 3832 intellec-

78 3838 108 3900 28
119 3856 176 3914 tum
194 3856 352 3922 audientis
374 3857 573 3922 descendere.
617 3857 703 3920 Nam
722 3875 772 3918 ur
788 3855 912 3921 vascula
931 3853 994 3917 oris
1007 3853 1132 3942 angusti

147 4088 157 4114 ¹
174 4090 302 4151 offendunt,
322 4093 398 4142 veluti
416 4095 457 4155 qui
469 4094 499 4140 G.
509 4093 619 4156 ffendunr
641 4101 663 4138 et
681 4091 813 4154 perturbant
834 4082 915 4138 novum
936 4099 1041 4152 oratorem
1062 4105 1130 4139 nova.

121 4143 147 4192 El
155 4151 181 4198 ad
191 4161 268 4208 omnia
280 4175 345 4207 nova
353 4161 395 4208 off.
398 4159 506 4224 firspicat.
514 4157 587 4204 Heus.
638 4161 649 4186 ¹
661 4155 803 4204 communis
812 4155 842 4203 G.
891 4163 905 4190 2
916 4157 1089 4216 praecipiuntur
1099 4156 1131 4205 G.

121 4217 356 4294 'quotidiebfilent
405 4223 559 4286 bprocedere
572 4222 602 4270 G.
651 4221 791 4270 ‘addidisse
806 4221 838 4270 G.
887 4218 1089 4282 supplicante.

591 4303 611 4347 C
627 4301 647 4350 2
