3024 4912
248 382 305 456 236
478 384 522 442 n.
546 383 670 444 rann
693 381 1035 448 uurncrrrnrur

239 557 308 618 arte
334 545 469 614 occulta:
484 546 672 614 consecutur
695 548 738 614 est
752 559 774 610 :'
794 568 868 634 quoe
893 547 912 612 fi
936 547 1027 614 aliter
1049 547 1134 616 dieta
1154 549 1265 630 efferat,

243 629 371 717 strepitu
384 631 484 717 ipsum
501 631 644 716 judicem
659 633 699 698 ad
713 643 725 672 ¹
745 633 984 698 custodiendum
997 647 1161 718 patronum
1176 637 1263 700 exci-

243 717 352 782 tassent
366 733 390 782 ι.
434 715 561 802 Frigida
575 715 723 782 videntur
737 718 790 784 illa
805 717 900 804 pletis
919 740 980 782 uer
1000 717 1053 782 sed
1067 717 1130 782 hoc
1144 717 1243 805 ipsum
1253 731 1264 758 ¹
1276 733 1320 804 59

241 803 439 868 manifestum
454 802 506 880 est,
522 823 588 888 quo
603 801 699 866 modo
714 803 858 888 judicem
874 742 1022 868 sdlellerit
1032 805 1059 879 ¹³,
1075 805 1161 888 quod
1180 803 1230 868 rix
1245 827 1265 868 a

229 887 358 955 leslnre
372 885 627 972 deprehenditur.
664 889 745 952 Haec
758 890 840 964 sirnt,
855 907 928 974 quae
943 887 1127 952 credibilem
1142 888 1265 954 faciunt

190 987 194 995 “
241 972 476 1058 expositionem.
521 972 608 1036 Nam
633 993 674 1034 ne
697 971 854 1036 contraria
876 986 932 1036 aut
954 971 1032 1036 srbi‘
1058 973 1264 1058 repugnantia
1276 974 1320 1040 60

240 1059 274 1122 in
289 1056 466 1122 narratione
479 1055 634 1134 dicamus,
650 1056 670 1118 [ι
686 1058 736 1120 cui
752 1056 997 1141 praecipiendum
1012 1057 1066 1133 est,
1081 1057 1108 1120 is
1122 1057 1264 1143 reliqua‘1

231 1143 349 1206 ¹frustra
372 1142 524 1206 docetur:
555 1140 673 1207 etiamsi
697 1139 826 1228 quidam
857 1141 1020 1226 scriptores
1045 1141 1170 1206 Artium
1201 1143 1264 1208 hoc

231 1249 381 1378 istst?
408 1225 764 1376 ‘stlttsrffistss
781 1223 1262 1398 tittrstrt'tststtttirtr
1276 1315 1316 1375 ⁶1

232 1396 503 1483 magnificentiam,
528 1417 624 1480 quam
648 1396 889 1477 pryuarrqr'nsrav
915 1407 1038 1472 vocant,
1063 1418 1136 1480 quae
1161 1417 1263 1481 neque

230 1482 274 1558 ‚in
301 1503 411 1546 omnes
431 1479 546 1546 caussas
569 1479 666 1554 cadit,
691 1481 777 1558 (narn
799 1475 877 1561 quid
899 1479 932 1542 in
959 1478 1111 1565 plerisque
1131 1479 1264 1565 judiciis

201 1627 204 1634 .
240 1567 383 1654 privatis,
398 1566 486 1631 dere
505 1565 618 1648 [certa]
636 1561 768 1638 credita,
784 1560 911 1624 locatoe
932 1576 965 1626 et
979 1563 1148 1645 condutio,
1163 1566 1263 1632 iuter·

230 1652 346 1729 dictis,
362 1650 477 1714 habere
491 1647 554 1714 loci
610 1649 664 1712 test
680 1645 767 1730 supra
782 1645 935 1712 modum‘
949 1648 979 1712 se
994 1647 1109 1712 tollens
1123 1650 1259 1733 oratioll

230 1761 299 1802 ¹nec
313 1737 434 1821 semper
457 1735 499 1798 est
521 1734 566 1798 uti
581 1733 618 1811 is,
633 1729 734 1796 ut‘vel
757 1729 900 1816 proximo
921 1733 1066 1816 exemplo
1080 1733 1263 1800 Miloniano

231 1835 339 1908 ,patet
384 1823 425 1884 Et
449 1818 700 1892 meminerimus,
724 1813 841 1878 multas
865 1817 925 1880 else
949 1817 1075 1895 caullas,
1088 1817 1121 1882 in
1144 1819 1262 1904 quibus
1274 1823 1317 1890 62

135 1953 139 1968 .
229 1904 469 1981 ¹confitendum,
485 1903 708 1977 excusandum,
724 1899 972 1964 submittendum
994 1902 1041 1980 sit,
1056 1902 1143 1987 quod
1163 1925 1260 1989 expo-

230 1993 346 2058 nimus
361 2015 368 2054 r
392 1990 510 2075 quibus
525 1987 676 2052 omnibus
690 1984 792 2048 aliena
805 1986 849 2049 est
863 1986 917 2050 illa
937 1986 1182 2084 magnificentiae
1196 1989 1260 2052 vir-

238 2091 303 2144 tus.
348 2075 456 2140 Quare
471 2095 534 2138 non
549 2069 653 2168 magis
667 2068 828 2156 proprium
844 2072 1028 2134 narrationis
1042 2073 1085 2134 est
1107 2073 1262 2160 magnifice
1289 2072 1292 2077 ’

240 2163 345 2238 dicere,
360 2181 455 2244 quarn
479 2157 693 2242 miserubtliter,
708 2153 862 2239 invidiose,
881 2155 1032 2240 grauiter,
1055 2155 1190 2236 dulciter,
1206 2183 1260 2221 ur-

229 2249 335 2322 ,baner
358 2266 440 2329 quae,
456 2263 530 2308 'cum
546 2242 623 2306 suoss
646 2239 805 2324 quaequeh
832 2239 904 2304 loco
919 2241 977 2302 sint
1001 2240 1181 2321 laudabilia,
1196 2265 1260 2306 non

229 2334 310 2396 ,sunt
334 2328 409 2391 huic
437 2328 518 2411 parti
542 2325 665 2412 proprie
689 2323 849 2407 assignata,
872 2337 905 2388 et
930 2324 1017 2391 velut
1038 2324 1156 2389 dedita.
1201 2326 1313 2414 Illa63

230 2431 363 2502 ‚quoquc
380 2425 416 2482 ut
429 2410 596 2474 narrationi
611 2423 694 2495 apta,
710 2407 770 2470 itai
792 2407 904 2475 ceteris
925 2410 1065 2495 partibus
1080 2411 1261 2476 communia

227 2504 280 2566 est
302 2502 413 2574 virtus,
429 2519 526 2581 qnam
540 2495 739 2562 Theodedles
752 2491 828 2556 huic
842 2494 898 2556 uni
913 2494 1035 2579 proprie
1056 2493 1144 2558 dedit
1157 2519 1166 2572 3
1195 2517 1259 2560 non

237 2581 537 2668 euim'nragnisicanr
554 2579 651 2648 modo
673 2577 741 2640 vult
764 2576 835 2656 esse,
851 2599 960 2642 verum
983 2579 1076 2642 etiam
1092 2580 1261 2675 jactandam

229 2670 474 2756 expontionem.
519 2666 611 2740 Sunt,
637 2664 692 2748 qui
718 2660 870 2746 adjiciant
897 2661 947 2726 his
971 2663 1160 2742 epiduarum,
1186 2687 1259 2750 quae

228 2759 367 2836 ,ἐνάργεια
384 2753 496 2816 Graece
511 2763 652 2814 vocatur.
682 2747 820 2830 Nequel‘
834 2768 902 2832 ego
914 2769 1107 2832 quemquam
1123 2745 1254 2834 decepe-
1271 2755 1317 2835 64

228 2839 310 2918 rim,
324 2851 359 2900 nt
374 2833 572 2912 dissimulem,
585 2831 732 2898 Ciceroni
747 2853 877 2917 quoque
892 2831 995 2916 plures
1009 2847 1112 2917 partes
1123 2832 1257 2917 placere.

230 2924 335 2998 Natu,
359 2936 568 3006 praeterquam
587 2919 722 3005 planam,
737 2929 771 2980 et
791 2916 918 2993 brevem,
933 2931 965 2980 et
987 2917 1163 2995 credibilem,
1190 2918 1260 2982 vult

235 3007 295 3074 elle
318 3008 501 3083 evidentem„
515 3017 676 3081 moratam,
694 3025 757 3064 cunr
773 3001 930 3086 dignitate.
975 3001 1038 3064 Sed
1061 3001 1093 3064 in
1117 3002 1259 3066 oratione

226 3105 358 3172 ,morata
377 3092 496 3164 debent
517 3089 576 3152 esse
597 3087 706 3152 onmia
724 3107 799 3151 curn
820 3085 989 3171 dignitate,
1004 3107 1074 3232 quae
1095 3099 1257 3168 poterunt.

236 3178 404 3242 Evasentz'a
419 3177 452 3238 in
468 3174 645 3238 narratione
658 3176 679 3252 ¹,
694 3182 849 3256 quantum
871 3191 933 3253 ego
948 3170 1012 3234 inte
1022 3168 1104 3253 ligo,
1119 3171 1162 3234 est
1183 3172 1258 3256 qui-

234 3263 309 3328 dem
325 3284 378 3329 nra
423 3283 442 3326 a
456 3260 566 3338 virtus,
579 3254 749 3342 numquid
761 3255 824 3318 veri
837 3275 899 3316 non
915 3252 1098 3330 dicendum,
1111 3252 1162 3318 sed
1177 3278 1259 3340 quo-

149 3407 153 3412 .
236 3345 364 3410 dammo
388 3368 408 3407 ο
429 3344 525 3408 etiam
548 3339 776 3408 ostendendum
798 3339 858 3402 eslt
881 3337 933 3402 sed
954 3335 1065 3423 subjici
1086 3339 1256 3424 perspicui-

229 3495 234 3502 Ι
268 3539 280 3564 ³
299 3533 384 3580 deinde
396 3541 522 3591 patronum
535 3531 564 3588 G.
576 3528 639 3580 Jens.
703 3533 717 3560 Ζ
736 3523 919 3573 exciraffelens.
994 3527 1004 3550 ¹
1024 3523 1087 3572 Forte
1097 3523 1154 3583 ipso.
1170 3523 1210 3570 Sir
1219 3501 1266 3569 rn‘.x

244 3616 280 3644 um
292 3599 357 3644 ctiam
371 3593 458 3644 Gallaeo
470 3606 490 3640 er
503 3595 556 3642 Obr.
641 3591 650 3618 b
669 3590 800 3642 sesellerunt
813 3589 842 3634 G.
925 3593 933 3616 ⁶
953 3603 993 3632 cm.
1004 3586 1034 3633 G.
1115 3587 1125 3618 ⁶
1143 3600 1214 3646 atque
1225 3589 1256 3634 G.

234 3663 297 3709 leus.
363 3667 372 3689 ⁰
392 3661 470 3706 locata
481 3669 504 3702 et
516 3656 632 3704 centurn
643 3654 705 3700 Jrns.
758 3649 768 3682 t
784 3652 906 3703 materiam
921 3651 949 3696 G.
961 3667 1001 3695 non
1013 3649 1077 3696 male.
1141 3657 1152 3686 ⁸
1170 3667 1211 3696 om.
1223 3651 1256 3698 G.

225 3727 246 3766 [ι
264 3739 360 3785 quoque
371 3725 403 3772 G.
415 3724 529 3769 ondens.
596 3729 678 3765 ¹curn
690 3717 731 3780 infi
742 3718 773 3764 G.
784 3717 847 3763 Jens.
913 3714 996 3760 *Nec
1007 3715 1038 3760 G.
1049 3713 1111 3762 Jens.
1177 3713 1256 3762 lora-

234 3792 299 3838 tione
311 3792 342 3837 G.

227 4003 232 4018 Ι
272 3957 313 4017 38.
333 3915 508 4019 strepita-ad
525 3946 626 4017 custod]
651 3947 718 3996 Stre·
768 3951 867 4008 quente,
876 3957 949 4009 quem
962 3937 1061 4008 proinde
1071 3935 1256 4016 diligenterob-

227 4022 298 4090 pirus
308 4019 442 4088 opponitur
452 4017 548 4070 acastre
559 4016 620 4067 arri.
640 4015 719 4081 Judex
767 4011 855 4064 servat.

233 4092 359 4140 observato
371 4086 414 4138 illo
428 4100 548 4156 apparatu
565 4084 719 4152 eloquentiae,
804 4082 849 4128 61.
867 4078 934 4127 dere
952 4076 1045 4144 [certa]
1060 4074 1166 4140 credita]
1186 4078 1256 4148 Qid

235 4159 277 4209 sibi
297 4171 402 4208 metuere
424 4157 521 4226 incipit,
539 4165 563 4206 et
579 4171 671 4212 cavere,
691 4168 720 4202 ne
770 4146 828 4200 illud
842 4156 908 4196 cerm
922 4145 963 4198 sibi
977 4146 1045 4206 velit,
1057 4161 1105 4196 non
1122 4145 1256 4216 intelligere

233 4230 307 4279 rerba
326 4227 367 4277 libi
391 4226 478 4278 dentur
502 4241 516 4275 a
542 4223 647 4275 Patrono
671 4221 720 4276 elo·
769 4213 904 4270 mef'sstor·
