3024 4912
235 377 294 456 ¹94
493 371 1054 438 munnnauruorrtraur
1142 365 1145 371 ’
1253 327 1312 404 ',

234 549 283 604 ter
298 537 380 606 hauc
394 537 537 604 militum
551 531 846 625 perturbationem
869 537 915 603 est
934 549 1044 604 tamen
1065 531 1158 604 locut
1172 559 1265 626 quae‘-

233 623 336 704 rendi,
352 625 385 690 A
388 649 409 688 n
421 625 496 690 citra
509 636 522 676 Β
537 625 737 712 huncquoque
751 627 849 711 estjam
858 625 1072 711 penetrandum
1086 623 1119 690 in
1135 623 1263 690 Germa-

232 709 429 858 niamdluerit
440 713 458 773 Ρ
491 711 623 798 Semper
644 723 753 774 autem
775 709 816 774 de
835 731 874 774 eo
894 709 982 796 priua
1001 708 1171 797 loquemur
1180 710 1207 790 l,
1223 711 1266 776 de

158 875 160 880 Α
258 817 301 860 uo
337 795 493 873 eliberari,
507 795 604 862 etiam
621 794 770 862 detrad'rie
783 793 1000 882 sequentibus,
1015 793 1126 880 posset.
1159 796 1265 860 Partea

231 819 383 946 suadendi
405 880 536 979 quidam
607 893 753 947 taverunt
773 879 928 966 honestum,
954 879 1039 959 utile,
1061 879 1263 966 neceffiiriumss

233 965 307 1052 Ego
328 987 392 1030 non
414 967 543 1030 invenio
561 904 641 1031 liiiio
654 967 757 1032 tertiae
770 965 900 1030 locum.
945 963 1157 1034 Quantalibet
1177 965 1263 1030 enim
1277 976 1319 1026 22

232 1051 281 1114 vis
296 1051 437 1150 ingruat,
453 1052 575 1140 aliquid
598 1049 721 1116 fortasse
741 1051 806 1138 pati
830 1050 949 1116 necesse
971 1051 1018 1130 fit,
1033 1049 1115 1114 nihil
1136 1049 1261 1116 facere:

232 1134 274 1200 de
288 1135 434 1202 iaciendo
448 1152 555 1202 autem
572 1137 774 1202 deliberatur.
818 1137 953 1204 Quodsi
975 1135 1060 1200 hanc
1080 1149 1197 1202 vocant
1208 1161 1262 1202 ne-
1277 1145 1318 1212 23

233 1221 399 1308 efflatam,
416 1222 448 1286 in
464 1227 579 1310 quam¹
603 1222 751 1288 homines
771 1221 956 1310 graviorum
977 1233 1067 1286 metu
1089 1233 1262 1310 coguntur,

231 1307 375 1372 utilitatis
388 1308 450 1372 erit
461 1307 615 1394 quaestio:
642 1324 680 1372 ut
703 1331 714 1372 t
729 1310 791 1392 obsi
813 1331 835 1385 t,
850 1320 879 1370 et
891 1307 1029 1395 impares,
1045 1319 1074 1370 et
1087 1331 1168 1394 aquo
1183 1308 1263 1372 cibo-

231 1415 289 1480 que
302 1394 418 1481 defodi,
433 1394 469 1456 de
481 1393 632 1478 furando
645 1419 665 1458 o
701 1393 803 1481 bostem
818 1392 962 1458 deditione
975 1391 1147 1472 deliberent,
1163 1408 1198 1456 et
1211 1393 1263 1458 di-

232 1490 336 1558 catur,
363 1477 480 1564 Neoeffir
504 1477 564 1564 ast.-
597 1499 713 1566 nempe
734 1477 887 1566 sequitur,
911 1490 949 1544 ut
975 1479 1040 1542 hoc
1067 1477 1263 1566 subjiciatur,

231 1563 358 1651 Alioqui
377 1566 559 1651 pereundum
581 1563 641 1649 est.-
664 1565 709 1630 ita
730 1577 860 1652 propter
879 1562 912 1628 id
934 1561 1035 1650 ipsum
1057 1585 1121 1628 non
1141 1563 1185 1628 est
1204 1585 1262 1628 ne·
1320 1597 1323 1604 ·

230 1648 324 1726 celse,
338 1649 415 1750 quia
429 1650 529 1735 perire
543 1651 651 1736 potius
665 1649 753 1716 licet.
796 1648 948 1736 Denique
962 1671 1027 1714 non
1041 1648 1187 1714 fecerunt
1202 1651 1261 1714 Sa·

251 1735 374 1813 untim,
399 1757 458 1799 nec
480 1735 513 1798 in
536 1748 602 1800 rate
623 1735 817 1826 Opitergina
837 1734 1059 1800 circumventi.
1104 1735 1209 1822 Igitur
1228 1735 1260 1800 in
1276 1744 1318 1808 24

230 1757 285 1884 iis
310 1842 440 1919 quoque
465 1820 574 1886 cauffie
597 1834 655 1886 aut
678 1821 719 1886 de
737 1823 809 1909 sila
834 1821 965 1884 utilitate
985 1819 1072 1884 ambi
1097 1833 1181 1898 etur,
1205 1834 1263 1888 aut
1298 1893 1301 1901 ,

230 1905 362 1992 quaestio
384 1919 466 1970 mter
487 1905 562 1969 utile
584 1919 680 1993 atque
704 1905 846 1994 houejlam
868 1905 1020 1970 oonfistet.
1098 1905 1262 1986 tenim,sr

231 1991 304 2078 quie
327 1991 446 2056 liberos
468 2013 632 2077 procreare
652 1992 750 2073 volet,
766 1990 887 2056 necesse
909 1987 1025 2056 habeat
1043 2013 1177 2056 uxorem
1200 1991 1262 2056 du-

230 2097 314 2152 cere.
359 2076 444 2142 Quis
457 2077 607 2142 dubitat?
631 2077 703 2142 scd¹
728 2079 770 2157 ei,
786 2077 843 2164 qui
861 2087 951 2165 pater
966 2077 1035 2142 vult
1048 2077 1127 2156 fieri,
1141 2075 1263 2165 liqueat

230 2161 354 2227 neeesse
367 2163 420 2238 etl,
437 2185 569 2226 uxorem
584 2161 644 2226 effe
659 2161 850 2229 ducendam.
895 2163 1008 2248 Itaque
1021 2161 1104 2226 mihi
1127 2183 1168 2226 ne
1181 2183 1261 2228 oon-
1274 2163 1317 2238 25

230 2245 335 2312 filium
362 2245 493 2334 quidem
523 2246 660 2326 videtur,
688 2249 746 2314 ubi
772 2247 933 2312 necesitas
961 2248 1029 2312 esta
1066 2267 1131 2312 non
1158 2248 1263 2337 magia

230 2348 329 2419 quarn
354 2334 412 2398 ubi
434 2333 566 2411 constat,
581 2333 659 2421 quid
683 2335 749 2400 fieri
764 2333 895 2398 omnino
918 2355 983 2398 non
1005 2331 1101 2419 posse.
1145 2334 1264 2399 Omnia

230 2417 317 2482 enim
340 2417 528 2484 deliberatio
550 2418 591 2482 de
616 2418 725 2486 dubiis
745 2418 800 2484 est.
843 2417 966 2482 Melius
988 2418 1100 2505 igitur,
1115 2418 1172 2504 qui
1195 2430 1280 2483 tur-¹

229 2501 309 2568 tiam
332 2517 453 2590 partem
479 2503 629 2570 dixerunt
651 2505 771 2576 δυνατὸν,
785 2503 874 2591 qnod
899 2503 991 2568 nostri
1010 2503 1142 2592 pffbile
1155 2505 1262 2568 nomi-

230 2602 320 2667 nant,
345 2612 419 2676 quae
445 2603 482 2654 ut
507 2589 588 2654 dura
612 2590 757 2654 videatur
782 2588 962 2678 appellatio,
986 2602 1094 2654 tamen
1119 2589 1184 2654 sola
1206 2591 1282 2654 est.-⁴

108 2725 113 2738 ,
172 2665 176 2678 “
230 2673 323 2742 Quas
346 2683 456 2759 partes.
474 2697 539 2738 non
558 2697 671 2739 omnes
685 2675 718 2738 in
739 2695 867 2739 omnem
883 2675 995 2739 cadere
1009 2673 1176 2740 suasoriam
1189 2695 1260 2739 ma·
1274 2666 1318 2735 26

229 2759 370 2824 nifestius
393 2761 447 2838 est,
463 2783 560 2848 quarn
583 2775 621 2826 ut
644 2759 825 2824 docendum
847 2760 894 2824 fit.
938 2761 1060 2825 Tamen
1084 2760 1168 2848 apud
1190 2761 1286 2846 ple·‘

228 2847 342 2931 rosque
369 2867 477 2908 earum
508 2867 659 2910 numerus
687 2860 835 2944 augetur,
858 2869 877 2910 a
901 2845 1018 2931 quibus
1037 2859 1201 2944 ponuntur
1223 2859 1263 2913 ut
1303 2887 1308 2894 ·

102 2935 104 2944 ‘
146 2989 148 2996 .
229 2946 346 3018 partes,
363 2953 437 3016 quae
451 2931 569 3015 specics
584 2933 655 2994 sum
670 2945 819 3018 partium.
855 2931 942 2995 Nam
950 2931 1021 3018 for,
1029 2930 1152 3036 fastam,
1165 2932 1260 3019 piune,

228 3039 360 3101 aequum,
387 3017 598 3102 tnrrnzrrsuelum
622 3039 752 3102 quoque
781 3016 835 3114 (stc
856 3017 944 3092 enim
967 3016 1039 3080 sunt
1062 3019 1261 3102 interpretati

228 3097 260 3160 τὸ
275 3096 384 3182 ἥμερον)
410 3113 466 3164 et¹²
493 3101 512 3163 fi
527 3123 591 3186 qua
603 3101 709 3166 adhuc
730 3100 869 3188 adjicere
883 3101 957 3187 quis
970 3099 1110 3188 ejusdem
1134 3103 1261 3188 generis

229 3181 320 3270 velit,
334 3183 446 3269 subjici
462 3185 586 3271 possunt
600 3184 750 3272 honestati.
794 3187 848 3248 An
872 3187 908 3249 fit
920 3201 1028 3264 ante-m
1042 3184 1155 3272 facile,
1170 3211 1259 3274 mog-
1274 3192 1315 3262 27

228 3269 498 3352 cumputandum,
509 3271 578 3357 stne
589 3271 749 3358 periculo?
769 3271 810 3336 ad
823 3271 1028 3358 quaeslionem
1043 3271 1182 3356 pertinet
1196 3273 1259 3336 uti·
1335 3285 1336 3290 ’

230 3351 337 3416 litorii.
382 3356 449 3418 Qui
474 3357 538 3421 loci
560 3357 706 3422 oriuntur
726 3379 767 3420 ex
791 3355 1050 3434 contradidione,
1068 3354 1125 3441 Est
1145 3357 1260 3444 quidem
1307 3388 1311 3394 ·

228 3438 314 3518 utile,
322 3441 384 3526 sed
397 3441 530 3526 difficile,
540 3457 688 3542 yporwm,
706 3441 934 3529 “injucundum
948 3439 1150 3528 perieulujism.
1192 3445 1258 3506 Ta·
1272 3433 1314 3502 28

229 3545 304 3588 men
318 3526 506 3611 quibusdam
523 3525 723 3593 videturesse
737 3547 977 3612 nonnumquam
1002 3525 1042 3590 de
1057 3527 1262 3612 jucunditate

149 3687 153 3694 ,
229 3609 294 3674 sola
318 3611 519 3694 consultatio,
534 3629 572 3679 ut
594 3615 615 3676 fi
638 3614 678 3678 de
699 3611 887 3676 aedisicando
910 3611 1046 3692 theatro,
1062 3611 1261 3679 instituendis

262 3831 351 3878 ⁸circa
362 3831 394 3878 G.
458 3797 610 3892 hloquamur¹
622 3831 652 3881 G.
717 3827 931 3895 &quatentium
965 3795 1078 3879 *nra
1142 3804 1278 3882 nn''orrnGt

232 3909 302 3946 nrm.
314 3897 345 3944 G.
411 3895 592 3960 “etinfilens

259 4105 309 4209 ἧς.
331 4086 358 4140 in
379 4087 614 4210 rfireuopitergina]
632 4081 722 4181 'Cuiqt
769 4087 863 4161 peianis
885 4087 972 4142 dedere
994 4087 1024 4210 ses
1032 4086 1174 4172 maluerpnt
1190 4087 1259 4146 uror.

228 4161 721 4302 lllfflclllllllllollffi
768 4159 1289 4295 {altili,alatilllfflff‘m‚
