3024 4912
252 341 312 432 ίῳ
419 329 424 336 ’
471 349 1036 419 n.rrn11oo1ncr1nmu1

167 526 172 540 '
250 519 317 584 lieri
342 519 486 608 plurimis
510 517 618 608 figuris
640 517 726 585 licet.
745 525 749 532 '
770 521 856 586 Nam
880 531 913 586 et
934 520 1106 610 aliquando
1126 515 1272 586 excidisse

249 604 442 683 simulamuS,
459 627 531 669 curn
549 605 626 704 quid
640 605 767 670 utiliore
779 607 852 672 loco
867 606 1049 672 reducimus
1064 631 1072 670 ι
1096 619 1130 670 et
1143 607 1271 671 interim

247 709 305 753 nos
320 690 503 754 redusturos
517 691 674 778 reliquum
690 692 832 754 ordinem
847 693 1003 769 testamur,
1018 693 1094 780 quia
1107 691 1147 755 lic
1166 689 1272 755 sutura

247 774 283 837 lit
298 775 397 838 caussa
408 775 552 839 lucidior.
591 775 721 839 lnterim
736 799 769 840 re
783 776 931 863 exposita,
945 776 1165 863 subjungimus
1181 775 1269 840 caus·
1284 766 1327 848 84

234 861 305 937 sas,
321 883 393 945 quse
409 863 645 926 antecesserunt.
681 863 754 925 Nec
769 863 853 926 enim
870 864 912 925 est
927 885 990 925 una
1004 863 1056 925 lex
1069 861 1269 940 desenfionis,

247 957 434 1030 certumque
456 947 700 1032 praescriptum:
723 969 780 1034 pro
800 969 847 1030 re,
863 967 920 1045 pro
944 961 1087 1032 tempore
1105 944 1268 1024 intuenda,

246 1051 319 1127 quae
335 1031 470 1116 prosint3
495 1044 589 1118 atque
601 1043 639 1094 ut
653 1031 712 1095 erit
726 1031 853 1110 vulnus,
869 1045 913 1096 rta
936 1031 983 1095 vel
1008 1031 1181 1095 curandum
1196 1051 1268 1116 pro·

245 1127 343 1191 tinus,
361 1114 457 1192 rel,fi
484 1116 605 1179 curatio
630 1115 758 1179 differri·
772 1117 881 1202 potest,
897 1117 1023 1180 interim
1050 1116 1267 1206 deligandum.

244 1199 317 1262 Nec
329 1199 441 1347 saepius
455 1221 578 1263 narrare
594 1199 751 1265 duxerim¹
769 1201 867 1280 nefas,
883 1201 969 1290 quod
985 1201 1098 1264 Cicero
1113 1223 1170 1348 pro
1185 1199 1266 1264 Clu·
1282 1189 1322 1273 85

246 1284 351 1348 entio¹¹
374 1285 458 1348 ecit:
482 1286 589 1372 estque
614 1302 677 1347 non
702 1286 881 1350 concellum
897 1287 1006 1365 modo,
1023 1285 1076 1349 sed
1099 1284 1269 1371 siquando

243 1367 340 1431 etiam
369 1369 583 1446 necessarium,
609 1381 646 1433 ut
676 1371 708 1434 in
738 1371 847 1435 cauffis
875 1369 1131 1455 repetundarum,
1161 1369 1266 1432 omni·

243 1453 375 1540 busque,
404 1477 476 1541 quae
501 1454 656 1540 simplices
680 1477 744 1519 non
772 1455 855 1520 sunt.
901 1460 1080 1519 Annnxrs
1103 1456 1146 1517 est
1166 1454 1266 1534 enim,

241 1535 454 1623 superstitione
479 1553 706 1638 praeceptorum
733 1553 843 1604 contra
864 1540 1020 1604 rationem
1041 1538 1151 1606 causta
1170 1539 1265 1603 trahi.

242 1729 281 1770 ne
301 1708 415 1794 judex,
441 1731 503 1794 qua
529 1710 569 1772 de
590 1733 624 1772 re
648 1721 815 1796 quaeratur,
838 1711 976 1796 ignoret.
1022 1709 1089 1772 Cur
1111 1708 1220 1855 ipitur,
1235 1711 1263 1774 -fi

239 1792 359 1877 lingula
381 1795 541 1880 probanda
562 1807 617 1858 aut
639 1793 812 1878 refellenda
836 1807 940 1870 erunt,
955 1815 1019 1856 non
1034 1794 1154 1879 singna
1168 1795 1265 1860 etiam

238 1881 427 1942 narrentur?
457 1881 515 1942 Me
530 1893 626 1955 certe,
644 1893 900 1966 quantacumque
916 1879 1024 1942 nostris
1040 1879 1265 1964 experimentis

237 1960 383 2026 habenda
398 1964 439 2027 est
456 1963 543 2043 fides,
559 1963 661 2027 fecisse
677 1964 738 2028 hoc
762 1964 794 2026 in
819 1962 901 2040 foro,
918 1963 1074 2064 quoties¹¹¹
1090 1963 1164 2050 ipsa
1187 1961 1264 2026 defi-

237 2044 367 2110 derabat
391 2047 525 2126 utilitas,
541 2049 748 2136 probantibus
769 2063 802 2110 et
825 2047 969 2127 emditrs,
984 2059 1017 2110 et
1032 2047 1082 2128 iis,
1099 2047 1155 2134 qui
1171 2045 1262 2134 judi·

236 2130 363 2210 cabant,
378 2132 462 2196 scio:
486 2147 520 2196 et
537 2132 637 2219 (quod
651 2155 716 2196 non
738 2145 920 2220 arroganter
938 2132 1085 2209 dixerim,
1101 2132 1176 2218 quia
1191 2133 1262 2196 sunt

234 2213 376 2300 plurimi,
392 2217 579 2303 quibuscum
602 2217 667 2306 egi,
684 2219 739 2303 qui
762 2225 814 2280 r'ne
834 2217 976 2281 refellere
990 2217 1115 2320 poffint,
1131 2217 1151 2278 sr
1167 2239 1259 2279 men-

140 2350 147 2366 .
233 2299 311 2381 tiar)
325 2301 388 2364 sere
403 2301 555 2387 ponendae
572 2324 591 2364 a
604 2325 656 2365 me
671 2300 782 2366 caussae
797 2301 937 2366 officium
953 2305 1149 2366 emebatur.
1188 2303 1258 2365 Ne·
1273 2292 1311 2377 87

233 2405 298 2470 que
323 2385 396 2450 ideo
422 2399 528 2450 tamen
555 2408 619 2450 non
643 2387 754 2474 saepius
778 2385 881 2450 facere
903 2325 1071 2472 oportebit,
1095 2399 1132 2456 ut
1154 2407 1259 2451 rerum

232 2469 378 2534 ordinem
404 2468 582 2558 sequamur.
627 2473 784 2537 Quaedam
809 2493 885 2534 vero
910 2472 1005 2535 etiam
1032 2471 1165 2556 turpiter
1179 2493 1259 2534 con-

231 2567 419 2620 vertuntur:
443 2569 480 2618 ut
494 2558 513 2620 fi
525 2557 663 2644 peperiffe
677 2579 792 2634 narres,
808 2557 912 2619 deinde
926 2555 1075 2642 concapiffir
1087 2580 1096 2633 ;
1124 2567 1259 2642 apertam
1301 2586 1326 2616 .·-

232 2638 438 2738 tpllamentum,
453 2642 742 2727 deindestgnatom:
764 2641 797 2704 in
817 2641 936 2727 quibus
953 2641 971 2703 li
993 2641 1036 2718 id,
1053 2639 1139 2724 quod
1154 2641 1255 2725 poste-

230 2744 296 2786 rrus
320 2725 374 2802 est,
404 2725 533 2803 dixeris,
562 2726 603 2789 de
629 2727 731 2811 priore
757 2738 862 2790 tacere
892 2725 1048 2812 optimum
1076 2726 1130 2787 est.
1175 2716 1310 2788 sunt·88

153 2866 155 2872 .
231 2809 379 2894 quaedam
403 2823 437 2874 et
457 2808 540 2874 falsae
558 2811 776 2896 expofitiones,
792 2824 927 2896 quarum
942 2811 975 2872 in
990 2809 1058 2873 soro
1081 2808 1198 2894 duplex
1213 2811 1256 2872 est

220 2896 230 2916 ''
256 2913 355 2958 enus:
379 2895 527 2974 alterum,
563 2893 628 2961 uod
644 2895 858 2960 instrumentis
881 2895 1057 2980 adjuvatur,
1072 2905 1110 2956 ut
1125 2892 1255 2958 Publius

231 2975 365 3044 Clodius
380 2978 495 3044 fiducia
509 2919 645 3058 tollium,
662 3003 726 3064 qua
740 2979 834 3047 node
856 2978 1004 3048 incestum
1028 2979 1140 3041 Rornae
1161 3000 1252 3042 com*
1306 3023 1308 3026 .

230 3061 366 3140 miserat,
383 3065 572 3126 Interamnae
596 3062 627 3125 se
650 3064 738 3128 fuisse
762 3064 908 3127 dicebat:
931 3063 1076 3138 alterurn,
1099 3061 1188 3146 quod
1211 3063 1254 3127 est

230 3146 386 3209 tuendum
416 3147 552 3212 dicentis
578 3148 719 3236 ingenio.
764 3148 803 3212 Id
831 3148 957 3211 interim
980 3146 1021 3210 ad
1042 3145 1139 3208 solam
1159 3167 1251 3210 vere-

146 3291 149 3297 ,
228 3229 377 3294 cundiam
399 3233 547 3325 pertinet,
573 3234 660 3300 unde
683 3233 779 3301 etiam
803 3231 882 3298 mihi
906 3231 1030 3296 videtur
1053 3231 1119 3294 dici
1146 3231 1251 3302 Colon-
1329 3277 1332 3284 ,

386 3507 391 3514 .
452 3443 457 3453 ¹
514 3452 689 3504 lanarum.
763 3458 782 3483 n
802 3449 961 3521 summe,

262 3641 305 3688 88.
324 3639 360 3688 ad
360 3637 440 3708 solam
450 3635 639 3699 verecundiam]
659 3636 711 3686 Pu·
759 3634 873 3703 aliquem,
895 3634 976 3700 sodes,
1000 3632 1048 3693 dic,
1072 3632 1248 3702 Qintlilinne,

224 3704 291 3758 doris
310 3707 454 3766 custodiam,
466 3720 496 3758 ut
515 3723 554 3757 res
571 3705 639 3756 dictu
658 3717 712 3754 rur·
759 3703 867 3754 colorem.
899 3704 938 3753 Sic
959 3701 1064 3758 sumitur
1085 3704 1110 3752 in
1129 3702 1174 3753 hoc
1196 3703 1253 3770 ipso'

224 3793 266 3844 pes
281 3778 418 3827 narratione
429 3777 583 3842 aliquantum
601 3773 711 3832 deflexae,
759 3790 831 3842 opere
843 3776 869 3831 6,
884 3791 908 3837 5,
925 3789 948 3835 ς.
962 3788 988 3833 7,
1002 3789 1027 3829 r,
1038 3789 1084 3832 40.
1115 3771 1247 3839 Eleganter

222 3847 261 3898 vel
273 3845 369 3905 aversae,
381 3855 424 3896 aut
435 3845 489 3896 velo
502 3842 568 3911 quafi
583 3843 710 3906 involutae,
763 3861 805 3902 rr,
820 3860 844 3901 r,
858 3847 900 3892 81.
923 3841 996 3908 Qod
1002 3839 1027 3902 st
1042 3839 1110 3890 nulla
1121 3839 1247 3908 contigerit

223 3915 305 3964 minus
325 3925 409 3982 turpes
430 3914 581 3975 videantnr3
611 3912 655 3978 qui
685 3913 711 3962 in
759 3910 890 3988 excusatio,
899 3909 954 3979 sola
971 3907 1069 3958 colorem
1085 3907 1246 3978 taberpoeni.

222 3980 303 4032 schola
319 3982 444 4034 rhetorum
456 3981 518 4033 colar
528 3981 558 4032 sae
576 3981 707 4040 edicitur,
758 3990 846 4030 tenna.
876 3981 906 4029 In
924 3977 1145 4035 declamationibus
1163 3979 1189 4030 id
1206 3979 1249 4030 nis

128 4075 130 4080 v
220 4050 292 4125 cujus
312 4049 352 4101 hic
372 4051 438 4103 velut
457 3999 708 4102 locusclasficusert.
757 4051 806 4100 mis
818 4046 939 4118 frequens.
966 4046 1025 4096 Vid.
1044 4063 1071 4096 v.
1089 4065 1116 4114 g.
1139 4065 1181 4110 ra,
1200 4067 1244 4110 ar,

222 4120 281 4170 Huc
301 4117 364 4170 sorte
383 4121 511 4189 respiciens
533 4118 640 4170 nostrum
660 4119 710 4168 Fa·
761 4121 804 4179 1⁶,
819 4137 842 4170 r.
856 4129 918 4170 extr.
931 4117 962 4169 it.
976 4113 1087 4169 Declam.
1103 4118 1162 4182 363.

222 4190 293 4241 bium
303 4201 419 4260 provocat
433 4191 523 4257 Juven.
537 4193 562 4251 6,
577 4193 638 4240 280.
662 4186 710 4239 Dic
937 4241 945 4256 .
1003 4211 1005 4216 .

239 1622 464 1687 Narrationenr
479 1624 551 1687 rdeo
566 1639 640 1688 ante
654 1625 857 1712 probationes
872 1647 989 1711 ponere
1009 1626 1051 1688 est
1073 1624 1264 1703 institutum,
1279 1614 1322 1678 86
1408 1621 1410 1624 ⁴
1487 1664 1494 1726 r¹
