3022 4920
262 407 302 486 ⁸4
498 409 544 468 n.
565 406 690 468 rnen
712 363 1061 467 ourucrrmsur

263 570 403 636 maxime
427 569 610 650 ridiculum,
637 593 700 634 non
725 583 800 635 ante
824 569 864 634 ad
888 569 1088 634 declamandi
1109 567 1290 660 magistrum

263 656 440 720 mittendus
462 657 586 722 videtur
600 679 689 742 puer,
705 679 800 741 quam
816 653 993 720 declamare
1005 656 1074 744 jam
1090 656 1178 722 sciat.
1220 659 1327 740 Nos4

263 741 355 806 suum
373 743 488 829 cuique
510 741 688 840 profeffioni
703 741 836 806 modum
851 742 976 804 demus.
1020 743 1063 805 Et
1083 743 1293 830 grammatice

268 827 377 913 [quarn
395 829 426 890 in
450 829 602 892 Latmum
624 827 857 906 transferentem
873 829 1061 890 literaturam
1083 833 1289 916 vocaverunt]

264 913 342 976 fines
364 913 435 976 suos
461 914 556 991 norit,
576 913 746 999 praesertim
771 925 896 976 tantum
923 913 963 976 ab
986 911 1046 976 hac
1071 913 1294 1000 appellationis

263 997 327 1062 suae
341 1012 536 1085 paupertate,
553 999 637 1062 intra
674 1019 746 1061 uam
762 997 856 1082 primi
872 997 919 1060 illi
934 997 1112 1077 conflitEre,
1125 1000 1290 1084 prouecta:

264 1105 337 1150 nam
354 1083 458 1147 tenuis
472 1106 491 1146 a
505 1083 605 1160 sonte,
620 1105 638 1145 a
662 1083 760 1146 umtis
771 1097 934 1168 poetarum
947 1082 1229 1171 historicorumque
1243 1085 1293 1149 vi-

263 1169 365 1248 ribus,
382 1170 478 1256 pleno
496 1168 566 1256 jam
582 1168 656 1231 satis
677 1167 767 1230 alveo
787 1169 877 1245 fluit3
901 1189 989 1246 cum,
1004 1181 1118 1254 praeter
1138 1166 1294 1234 rationem

264 1255 352 1318 reste
375 1255 617 1341 loquendi‚‘non
642 1275 752 1338 parum
775 1252 893 1338 alioqui
913 1254 1082 1338 copiosam,
1105 1277 1202 1341 prope
1222 1277 1292 1320 om-

265 1340 356 1404 nium
378 1340 587 1403 maximarum
602 1339 718 1402 artium
741 1337 902 1401 scientiam
918 1338 1061 1424 amplexa
1080 1339 1152 1405 fite:
1176 1353 1209 1404 et
1223 1343 1328 1424 rba-5

266 1427 363 1504 turice,
380 1426 432 1490 cui
455 1447 572 1490 nomen
586 1423 634 1488 vis
656 1423 829 1511 eloquendi
847 1422 947 1500 dedit,
963 1423 1068 1488 officia
1086 1423 1141 1489 sna
1155 1448 1218 1490 non
1235 1427 1293 1491 de·

265 1511 412 1589 trestets,
436 1531 494 1574 nec
522 1511 671 1596 occupari
692 1508 832 1595 gaudeat
856 1507 1067 1594 pertinentem
1087 1511 1126 1574 ad
1148 1513 1178 1575 se
1201 1511 1293 1576 labo-

265 1619 332 1660 rem
348 1621 355 1660 ε
379 1619 452 1680 quae
474 1596 551 1659 dum
574 1617 670 1681 opere
684 1595 781 1673 cedit,
790 1595 860 1692 jam
874 1615 955 1679 pene
972 1594 1153 1692 polleffione
1169 1597 1296 1682 depulsa

266 1683 320 1745 est.
352 1683 423 1745 Nec
438 1681 613 1759 inficiabor,
629 1691 688 1743 exg
703 1679 743 1742 iis
757 1681 910 1774 ahqgm,
926 1703 982 1766 qur
992 1683 1209 1767 grammaticen
1222 1680 1330 1768 pro-6

265 1767 426 1842 fitentur,
441 1767 579 1851 eousque
592 1764 730 1829 scientiae
767 1765 895 1850 rogredi
910 1765 1005 1852 polle,
1021 1779 1059 1829 ut
1072 1766 1113 1830 ad
1127 1767 1197 1832 haec
1211 1791 1294 1854 quo-

265 1875 329 1938 que
353 1851 505 1916 tradenda
525 1851 680 1916 sufficiat:
703 1787 766 1914 sed
779 1872 853 1913 cum
878 1849 911 1914 id
930 1863 1017 1938 aget,
1033 1850 1168 1916 rhetoris
1191 1854 1296 1918 officio

266 1939 431 2025 fungetur,
455 1959 517 2000 non
544 1937 612 2001 suo,
656 1937 727 2000 Nos
753 1957 848 2022 porro
873 1935 1059 2021 quaerimus,
1086 1937 1215 2019 quando
1244 1938 1327 2020 iis,7

290 2047 340 2088 uae
356 2024 494 2086 rhetorice
513 2020 667 2108 praecipit,
683 2019 893 2106 percipiendis
914 2042 992 2104 puer
1013 2034 1157 2086 maturus
1171 2022 1231 2086 elle
1245 2024 1295 2088 vi·

267 2048 391 2174 deutur.
438 2109 475 2172 ln
497 2129 564 2194 quo
585 2107 715 2194 quidem
741 2127 804 2168 non
828 2105 861 2168 id
888 2107 930 2168 est
954 2105 1185 2184 aestimandum,
1205 2108 1298 2194 cnjus

186 2195 401 2280 „aquisque
423 2194 460 2257 srt
483 2193 599 2269 aetatis,
621 2191 672 2256 sed
697 2207 852 2276 quantum
878 2191 910 2254 in
931 2191 1038 2253 studiis
1054 2191 1122 2277 jam
1144 2193 1297 2260 effecerit.

268 2282 311 2344 Et
327 2302 367 2342 ne
381 2279 504 2343 diutius
526 2276 681 2355 dianam,
696 2276 824 2362 quando
848 2276 885 2340 srt
903 2275 1023 2339 rhetori
1038 2276 1232 2342 tradendus?
1257 2279 1298 2344 fio

155 2385 158 2396 ·
267 2366 389 2451 optime
412 2364 495 2428 finiri
518 2362 624 2442 credo,
641 2383 714 2426 cnm
737 2360 866 2448 poterit.
910 2361 973 2424 Sed
987 2361 1050 2426 hoc
1071 2362 1173 2447 ipsum
1189 2385 1227 2428 ex
1244 2357 1333 2430 sust

267 2451 391 2536 periore
416 2449 532 2536 pendet
556 2447 739 2535 quaestione.
783 2449 870 2510 Nam
893 2446 914 2508 sr
936 2449 1158 2532 grammatices
1180 2472 1299 2515 munus

267 2536 367 2624 usque
383 2537 423 2599 ad
427 2534 582 2623 suczsorias
605 2532 707 2619 [quaci
729 2533 803 2596 sunt
816 2531 901 2618 apud
916 2531 1074 2596 rhetorem
1090 2534 1231 2598 materiae
1246 2535 1298 2598 in-

268 2636 317 2684 ter
336 2621 519 2685 rudimenta
537 2619 678 2704 dicendi]
704 2634 904 2704 prorogatur,
920 2617 1041 2682 tardius
1066 2618 1192 2684 rhetore
1218 2641 1299 2704 opus

269 2709 323 2770 est.
369 2706 403 2769 Si
419 2706 527 2769 rhetor
548 2705 651 2790 prima
663 2703 767 2788 operis
782 2703 828 2766 sui
842 2703 946 2765 officia
967 2723 1031 2766 non
1046 2705 1178 2782 recusat,
1194 2727 1299 2768 anar-

269 2792 445 2856 rationibus
474 2790 588 2867 statim,
616 2803 651 2852 et
673 2788 823 2852 laudandi
852 2787 1116 2874 vituperandique
1141 2790 1300 2876 opusculis

269 2900 347 2944 cura
369 2876 438 2963 ejus
454 2875 654 2939 desrderatur.
699 2875 749 2938 An
773 2874 959 2959 ignoramus
973 2873 1113 2959 antiquis
1134 2875 1197 2938 hoc
1211 2874 1333 2956 suiffe9

270 2963 311 3028 ad
327 2962 506 3048 augendam
521 2959 737 3047 eloquentiam
752 2981 857 3046 genus
872 2958 1120 3037 exercitationis,
1131 2971 1168 3021 ut
1183 2959 1297 3022 theses¹

270 3048 426 3125 dicerent,
444 3061 477 3110 et
492 3061 650 3110 communes
664 3045 749 3124 locos,
766 3058 799 3108 et
819 3055 923 3109 cetera
937 3043 1015 3106 citra
1028 3043 1230 3127 complexum
1246 3067 1299 3108 re-

268 3157 341 3197 rum
364 3133 642 3219 personarumque,
665 3130 784 3218 quibus
807 3149 889 3190 verae
912 3127 1059 3212 suaque
1083 3129 1300 3192 controversrae

271 3219 499 3288 continentur?
546 3217 679 3302 Exque
701 3213 805 3300 palam
831 3213 885 3286 est,
906 3233 1003 3300 quam
1026 3211 1160 3296 turpiter
1180 3213 1302 3280 deserat

242 3299 255 3312 ²
271 3327 342 3369 eam
357 3317 478 3390 partem
493 3301 667 3365 rhetorices
685 3299 850 3375 institutio,
866 3317 960 3380 quam
976 3306 1010 3358 et
1047 3296 1158 3362 rimam
1175 3298 1300 3379 habuit,

271 3405 305 3454 et
326 3389 383 3456 diu
407 3387 515 3466 l'olam.
561 3385 652 3456 Quid
674 3399 782 3450 autem
806 3383 848 3458 est
871 3381 985 3460 exiis,
1008 3318 1049 3444 dd
1072 3383 1190 3473 quibus
1212 3384 1302 3470 supra
1316 3398 1357 3443 10

272 3475 350 3547 dixi,
365 3473 450 3559 quod
473 3495 538 3536 non
561 3484 631 3534 tum
653 3469 686 3532 in
702 3468 775 3546 alia,
792 3489 863 3554 quae
885 3467 957 3531 sunt
974 3466 1143 3572 rhetorqm
1165 3470 1300 3556 propria,

271 3577 343 3624 tum
359 3573 445 3624 certe
468 3559 500 3620 in
524 3555 603 3621 illud
622 3553 778 3642 judiciale
799 3549 910 3616 caussae
930 3572 1034 3638 genus
1056 3551 1200 3618 incrdat?
1246 3556 1301 3618 An

273 3668 336 3709 non
353 3645 385 3711 in
404 3643 473 3708 foro
488 3641 679 3712 narrandum
701 3639 765 3704 est?
790 3659 855 3723 qua
874 3637 906 3700 in
922 3650 1011 3734 parte
1030 3636 1134 3701 nescio
1148 3656 1186 3702 an
1203 3641 1238 3704 srt
1251 3639 1302 3704 vel

272 3729 458 3816 plurimum.
502 3729 579 3794 Non
609 3725 679 3788 laus
705 3745 742 3786 ac
765 3723 955 3806 vituperatio
984 3722 1211 3788 certaminibus
1239 3724 1355 3792 illisu

239 3825 242 3830 '
271 3815 454 3903 frequenter
468 3811 636 3876 inseritur?
681 3810 758 3874 Non
774 3827 963 3872 communes
977 3807 1060 3873 loci?
1085 3807 1145 3873 five
1160 3808 1304 3896 quisunt

306 4106 370 4152 ‘est
381 4103 412 4154 G.
477 4100 695 4152 'detmstetlcns
761 4099 1053 4163 tanquamexiissent.
1118 4098 1306 4162 ”profiteantur

273 4170 412 4286 allisisti&
423 4243 445 4282 a
453 4165 562 4283 ,tegrin
573 4169 698 4258 irrelrfirrrus
707 4184 749 4216 om.
761 4166 793 4227 G.
805 4177 826 4215 e!
836 4165 868 4215 al.
880 4175 918 4229 ap.
929 4166 1009 4215 Burm.
1021 4164 1103 4230 crsane
1110 4163 1181 4234 glofflr
1191 4164 1304 4227 vidntur,
1337 4261 1339 4266 Ι
