3024 4912
454 331 1017 436 1NsT1T.ottATOR.L1s.tv.
1040 352 1068 396 r.
1207 349 1263 412 243
1306 386 1308 396 ,

239 495 424 590 proderunt,
440 503 536 568 etiam
552 500 746 590 conjungere
768 499 898 564 licebit:
921 510 970 578 ut,
985 520 1057 586 quae
1083 495 1203 562 obstant
1230 494 1264 562 in

172 607 194 634 ¹0·
240 588 358 670 medio,
376 589 463 654 velut
475 587 601 653 auxiliis
615 585 723 650 nostris
737 585 834 672 posita
847 584 954 648 minus
968 583 1107 647 habeant
1122 581 1236 646 virium
1253 604 1263 646 r

210 669 215 680 '
239 689 313 758 quae
327 687 431 740 tamen
449 695 511 738 non
526 683 619 736 erunt
630 671 718 735 ¹nuda
732 670 890 758 ponenda,
906 669 959 733 sed
973 681 1011 732 ut
1032 683 1065 732 et
1088 667 1189 732 nostra
1203 667 1262 732 ali·

238 781 304 844 qua
321 759 597 846 argumentatione
611 755 799 834 ,firmemus3
822 769 855 819 et
876 755 996 818 diversa
1020 775 1077 818 cur
1100 753 1267 818 credibilia

228 865 305 907 ¹uon
328 845 399 922 int,
423 843 628 932 adjiciamus:
651 841 736 928 quia,
753 841 807 904 nist
833 839 1075 918 distinxerimus,
1091 837 1266 902 verendum

186 927 296 1008 ¹'03est,
323 952 363 994 ne
391 931 476 994 bona
503 929 604 992 nostra
631 926 796 1013 permixtis
825 925 918 990 malis
947 925 1161 1010 inquinentur.
1206 923 1267 988 Illa

173 1017 179 1054 ²
240 1021 371 1100 quoque
385 1014 426 1078 de
441 1013 619 1078 narratione
632 1011 762 1110 praecipi
776 1009 888 1090 solent,
902 1032 942 1073 ne
982 1033 1023 1073 ua
1036 1031 1075 1073 ex
1090 1031 1127 1074 ea
1148 1009 1202 1073 liat
1216 1035 1267 1074 er·

240 1121 350 1162 curro:
373 1121 413 1162 ne
428 1111 585 1162 avertatur
600 1120 618 1160 a
626 1097 738 1184 Judice
744 1097 840 1184 sermo
854 1119 864 1174 ;
888 1118 928 1158 ne
942 1031 1051 1158 aiimae
1059 1097 1194 1242 ‘perstante
1206 1117 1264 1160 vo·

239 1203 311 1246 cern
325 1184 459 1262 demus3
484 1206 524 1248 ne
545 1195 803 1270 argumentamur:
825 1179 980 1268 adjiciunt
1002 1179 1056 1266 qui
1081 1182 1264 1262 ameriam,

239 1283 279 1332 ne
294 1282 422 1334 utamur
437 1269 611 1356 ‹fiittibusr
633 1289 771 1354 quorum
791 1266 939 1352 pleraque
962 1265 1033 1328 sunt
1053 1264 1263 1352 frequentissi-

238 1374 292 1417 me
320 1353 542 1418 custodienda:
577 1353 677 1416 immo
706 1375 782 1414 num
808 1373 894 1429 uam,
923 1351 976 1414 nist
1006 1350 1086 1414 ratio
1109 1353 1265 1438 coegerit,
1353 1387 1355 1394 ¹

170 1452 227 1506 ‘⁴¹04
239 1439 405 1502 mutanda.
449 1439 497 1502 Ut
511 1439 547 1501 fit
564 1435 715 1523 expositio
729 1458 769 1523 pe
798 1437 891 1522 piena
905 1449 938 1498 et
956 1436 1072 1514 brevis,
1087 1435 1168 1498 nihil
1189 1437 1264 1524 qui-

238 1521 332 1586 dem²
354 1539 420 1588 tam
443 1543 513 1586 raro
536 1521 652 1610 poterit
674 1522 792 1585 habere
814 1521 982 1598 rationem,
1000 1543 1096 1606 quam
1119 1524 1265 1608 excurfio:

238 1629 298 1672 nec
312 1629 466 1693 umquam
482 1606 613 1672 debebit
626 1607 697 1684 elle,
714 1606 767 1670 nist
788 1607 902 1684 brevis,
917 1619 951 1670 et
972 1605 1056 1685 talis,
1072 1619 1111 1670 ut
1131 1606 1162 1669 vi
1183 1631 1264 1694 qua-

180 1703 225 1754 ³05
239 1691 311 1756 dam
328 1692 491 1756 videamur
504 1691 633 1756 affet’tus
645 1705 659 1731 ¹¹
673 1691 762 1755 velut
775 1691 863 1755 reito
877 1691 990 1754 itinere
1004 1691 1137 1776 depulsi:
1161 1694 1264 1780 qualis

236 1777 280 1840 est
296 1775 460 1842 Ciceronis
473 1776 557 1842 eirca
572 1775 698 1864 nuptias
714 1776 830 1855 Safliae,
850 1775 876 1838 O
890 1777 1019 1838 mulieris
1022 1775 1120 1864 scelus
1135 1778 1265 1858 incredi-

172 1883 177 1902 ··
238 1862 307 1942 bile,
317 1876 351 1926 ut
364 1874 475 1949 praeter
489 1863 566 1926 haar
579 1886 669 1925 unam
685 1861 716 1924 iu
731 1861 808 1926 omni
822 1861 890 1924 vita
905 1862 1071 1924 inauditum
1084 1864 1096 1926 !
1122 1861 1149 1926 O
1163 1862 1266 1929 libidi-

236 1969 302 2010 nem
316 1947 492 2035 efflmmam
506 1961 539 2011 et·
548 1947 739 2010 indomitam!
764 1945 791 2008 Ο
805 1945 1170 2033 audaciamstagularrm!
1185 1963 1264 2013 ποκ’

236 2031 506 2120 timuiffe,stminus
514 2033 577 2097 vim
587 2033 715 2111 deorum,
727 2031 873 2096 hominum
895 2031 1063 2118 uesamam,
1077 2032 1204 2098 atillam
1216 2036 1226 2098 i
1248 2076 1263 2090 ·

225 2119 298 2204 sam
310 2127 429 2196 noticia,
438 2116 582 2205 facesque
594 2116 694 2180 villas
716 2058 892 2204 nuptialesi
918 2141 976 2180 uon
997 2117 1085 2182 limen
1107 2051 1266 2186 cubiculi?

236 2226 295 2266 uon
308 2202 402 2266 cubile
410 2203 527 2288 filice?
547 2227 606 2266 noa
616 2203 744 2288 parietes
759 2203 881 2288 denique
896 2201 979 2351 εἶβε,
985 2203 1170 2302 superiorum
1185 2203 1264 2293 tester

173 2296 224 2344 '¹0⁶
236 2287 436 2373 nuptiarum?
459 2289 557 2352 Sermo
573 2287 694 2373 aversus
708 2286 846 2373 ajudice
861 2302 893 2352 et
932 2299 1057 2352 revrus²
1078 2288 1197 2356 indicat
1212 2293 1262 2356 irr-

234 2370 341 2450 terim,
358 2387 391 2436 et
405 2371 550 2460 coarguit
564 2373 687 2460 magis:
711 2369 828 2458 quade
848 2394 882 2436 re
904 2371 1002 2456 idem,
1019 2373 1106 2462 quod
1127 2374 1167 2440 de
1188 2397 1263 2463 pro·
1305 2397 1307 2408 ¹

234 2456 334 2522 oemio
355 2457 507 2536 dixeram,
523 2457 635 2536 sentio,
650 2456 728 2521 sieut
748 2455 789 2520 de
809 2457 1006 2555 prosopopoeia
1028 2480 1176 2544 quoque:
1221 2485 1265 2527 ua

235 2553 343 2606 tamen
371 2564 434 2606 non
458 2542 585 2606 Servius
609 2540 706 2606 modo
731 2541 891 2628 Sulpicius
913 2543 1015 2606 utitur
1039 2565 1096 2628 pro
1119 2484 1261 2627 Aufiiia,

234 2625 376 2690 Somnonc
390 2637 418 2690 te
433 2626 621 2713 languidum,
638 2651 678 2690 au
689 2627 786 2724 gravi
808 2625 942 2714 lethargo
960 2627 1086 2714 putemb
1105 2631 1264 2716 preſjum?

233 2708 305 2774 sed<
320 2711 372 2775 M.
388 2733 518 2800 quoque
531 2709 656 2776 Tullius
670 2733 753 2775 circa
769 2712 960 2777 navarchos:
985 2734 1057 2776 nam
1075 2736 1112 2777 ca
1133 2737 1263 2802 quoque

264 2915 358 2964 tenim
369 2917 421 2964 G.·
499 2915 651 2964 rancore,
747 2921 859 2964 ¹rtonne
870 2916 903 2964 G.
998 2917 1144 2982 ²sascesque
1156 2919 1186 2970 G.
1197 2921 1263 2970 Jens.

234 2979 393 3030 *brevisiiit
458 2984 548 3042 bputo
559 2983 590 3028 G.
655 2985 708 3028 ‘et
719 2981 750 3028 G.

269 3174 328 3210 roa.
352 3157 380 3210 in
401 3157 487 3220 media,
506 3157 578 3211 velut
602 3154 717 3222 auxiliis]
806 3177 863 3224 ¹03·
883 3157 931 3211 iila
948 3177 1038 3230 quoque
1055 3163 1085 3214 de
1100 3162 1257 3232 narratione]

219 3226 333 3280 matilia
342 3229 408 3299 apud
428 3230 554 3282 Romanos
565 3227 677 3280 locamur
693 3229 719 3280 in
768 3229 917 3282 Curavirnus
936 3229 987 3288 hic,
998 3241 1032 3281 ut*
1045 3231 1105 3300 saepe
1122 3233 1193 3294 alias,
1205 3234 1259 3288 effi«

230 3297 357 3360 comibus.
386 3299 412 3350 Si
434 3297 527 3350 auxilia
549 3296 646 3349 infirma
663 3295 718 3358 fint,
766 3316 821 3349 cere
836 3310 953 3368 typorum
969 3298 1117 3361 differentia,
1134 3315 1163 3353 ut
1179 3321 1259 3356 metu·
1338 3347 1340 3354 .

229 3364 346 3434 suspetia,
365 3366 403 3416 vel
423 3368 524 3418 inimica
546 3368 615 3426 adeo,
638 3365 719 3418 mulia
768 3368 819 3418 bris
830 3367 956 3438 propositis
973 3369 1040 3420 suam
1056 3369 1145 3424 deinde
1161 3374 1261 3444 respon-

229 3434 294 3485 acies
305 3433 400 3486 summo
410 3435 436 3486 in
446 3434 555 3504 periculo
564 3435 718 3502 verterenet
765 3437 822 3488 dere
841 3436 947 3506 exegesrn
965 3453 1095 3506 appareat:
1115 3441 1258 3512 interpunc-

228 3501 297 3558 velut
318 3503 447 3554 constricta
483 3505 578 3556 roditur
595 3503 716 3572 hostibus.
765 3506 857 3558 tionem
869 3509 942 3557 etiarn
954 3511 1116 3562 mutavimus.
1142 3513 1208 3564 Num
1220 3515 1258 3567 ita
1298 3501 1304 3514 ’

227 3571 346 3640 Praecipit
361 3571 440 3642 igitur
473 3573 555 3632 abins,
566 3583 596 3624 ut
609 3590 648 3634 ea,
660 3589 717 3641 quae
765 3573 907 3644 legebaturr
922 3575 996 3627 immo
1006 3595 1146 3649 numquam,
1158 3581 1201 3647 nist
1209 3601 1256 3634 ra-

226 3639 334 3703 obstant,
352 3641 378 3693 in
394 3641 475 3693 media
492 3641 604 3693 locentur
621 3641 673 3693 acie
691 3642 717 3693 in
765 3644 798 3696 tio
808 3643 919 3712 coegerit,
931 3647 1065 3699 mutanda,-
1084 3649 1155 3714 ursit
1165 3653 1255 3719 σφώ-

227 3710 338 3773 auxifiis,
350 3711 376 3764 lt.
388 3727 411 3762 e.
430 3711 493 3762 inter
509 3711 611 3772 auxilia,
623 3709 716 3779 quibus
764 3713 798 3765 tio
812 3713 939 3784 perspicua
949 3723 975 3766 et
990 3715 1086 3769 brevis.
1115 3717 1186 3772 Nihil
1199 3722 1254 3790 qui-

226 3781 346 3849 utrinque
357 3781 475 3834 contineri
487 3779 661 3850 poffint‚et,ne
671 3797 715 3834 uo·
763 3783 817 3834 dem
829 3784 878 3836 Str.
1272 3786 1276 3798 ‘

226 3862 308 3910 ceant,
319 3849 444 3920 impediri.
473 3849 569 3904 Pellem
585 3849 659 3900 etiarn
671 3867 715 3900 au·
802 3871 861 3918 105.
881 3850 1012 3918 Ciceronis]
1037 3854 1088 3908 Pro
1108 3856 1208 3912 Cluent.
1228 3879 1254 3916 e.

226 3915 287 3968 xilia
305 3918 384 3970 nostra
399 3917 513 3988 intelligi,
534 3921 610 3970 aciem
629 3919 715 3976 advrt-
765 3923 791 3972 6.
1220 3949 1245 3994 ,

224 3985 277 4036 sam
299 3989 414 4057 utrinque
429 3988 556 4059 complexa
579 3989 628 4041 διε.
667 3988 715 4040 Sed
801 3992 862 4042 106.
888 3993 917 4044 de
933 3991 1050 4060 priumie
1068 3993 1196 4063 dixeram]
1223 4018 1253 4064 4,

193 4067 203 4092 ⁰
224 4055 296 4123 prius
308 4058 389 4126 magis
406 4057 495 4127 placet.
524 4059 577 4110 Nec
587 4057 713 4111 vehemen-
766 4079 791 4122 t,
803 4061 847 4123 63.
860 4059 914 4140 sqq.

226 4133 264 4174 ter
282 4141 344 4194 opus
364 4125 397 4177 est
416 4127 553 4192 conjetlnra
572 4128 658 4249 Repii,
669 4127 733 4196 qui.
801 4131 862 4183 106.
879 4129 1112 4199 circanauarchos]
1130 4135 1164 4188 In
1181 4137 1253 4194 Verr.

224 4189 367 4259 nubenti:
377 4195 460 4250 rudiir
470 4195 543 4252 velut
552 4197 613 4252 auxi
622 4195 652 4251 iis
664 4197 712 4251 tic.
765 4215 791 4264 ς,
802 4214 849 4262 45·

276 4299 281 4309 .
778 4286 802 4330 tt
819 4285 838 4336 2
