2938 4910
217 459 279 524 374
450 437 498 503 M.
519 437 644 503 tumr
668 431 1011 501 QUINCTILIANI

216 605 418 696 quentillima
436 606 741 696 aliorumgenerum
756 627 830 670 eum
851 603 922 672 aliie
945 603 1085 668 mixtura
1105 603 1169 670 este
1192 620 1246 670 etto

217 705 282 781 que
295 694 427 782 optima,
443 713 516 792 quie
530 713 569 756 ex
583 691 728 778 pluribus
739 692 870 754 constat.
916 689 1038 756 Eadem
1054 689 1247 754 diffimtlium

217 781 300 845 ratio
322 781 375 844 est.
419 779 508 843 Hinc
529 797 627 876 eques
651 777 825 854 Romanus,
840 775 880 840 ad
901 797 998 876 quern
1015 775 1048 839 in
1063 774 1248 862 speeteoulie

216 863 406 930 bibentem'
428 885 503 928 cum
525 863 650 926 mrfisset
670 863 846 950 Augustus,
860 883 917 948 qur
938 861 969 926 ei
986 861 1120 940 diceret,
1137 861 1206 948 Ego
1216 861 1252 945 fi
1281 913 1284 918 .

213 950 365 1040 prandere
379 947 458 1028 nolo,
474 949 591 1012 domurn
606 971 660 1011 ro:
687 947 735 1012 Tu
749 949 836 1024 enim,
852 946 970 1032 inquit,
985 969 1043 1010 non
1058 947 1140 1010 timer
1153 971 1190 1008 rrr
1204 946 1248 1009 lo-

218 1053 284 1098 cum
297 1035 415 1122 perdes.
460 1035 508 1098 Ex
522 1032 682 1096 contrario
695 1053 759 1096 non
775 1053 840 1098 una
857 1031 986 1118 species.
1029 1033 1148 1118 Neque
1161 1029 1247 1096 enim
1261 1031 1309 1110 64

218 1119 334 1184 eodem
358 1118 456 1184 modo
479 1115 561 1182 dixit
582 1119 746 1206 Augustue
770 1116 934 1204 praefedio,
950 1139 1048 1206 quem
1072 1115 1250 1204 ignominia

217 1206 386 1284 notabere,
402 1203 536 1270 subinde
557 1201 770 1300 interponenti
792 1201 952 1288 precibus,
974 1203 1059 1288 Quid
1078 1202 1249 1290 respondedo

213 1291 300 1379 patri
321 1295 414 1356 meo?
442 1290 515 1367 Dic,
530 1313 575 1354 me
588 1287 644 1352 libe
657 1287 856 1376 displicuiffi:
879 1309 946 1374 quo
969 1287 1085 1366 Galba,
1101 1287 1248 1374 penulam

163 1433 166 1438 .
216 1397 255 1440 ro
298 1375 358 1458 nti,
374 1375 443 1440 Non
465 1375 573 1526 poppam
594 1375 783 1452 commodare,
797 1373 873 1437 domi
895 1395 995 1438 moneo
1008 1397 1022 1452 3·
1041 1395 1117 1438 cum
1141 1393 1248 1438 eoene·

217 1483 236 1525 c
273 1483 329 1525 urn
344 1459 412 1549 ejus
423 1479 503 1548 perp
518 1471 617 1524 neret.
660 1459 807 1523 Tertium
823 1457 927 1522 adhue
942 1459 1035 1538 illud,
1056 1459 1088 1540 (fi
1104 1459 1247 1555 quidem,

217 1559 256 1612 ut
269 1569 310 1611 ne
324 1548 485 1612 auderem
500 1567 629 1632 ponam,
640 1544 830 1608 verecundia
843 1543 937 1630 ipfiue
948 1543 1036 1624 facit)
1054 1543 1251 1630 Libidinqsor

218 1627 763 1782 tullllllltlllllllfill
776 1627 1138 1780 iuuerunt?
1163 1629 1249 1782 ltu
1262 1715 1305 1799 ⁶⁵

519 1765 527 1781 .
1058 1761 1069 1794 ,
1248 1765 1250 1768 -

216 1803 359 1890 priorum
373 1801 483 1882 simile,
522 1801 587 1867 uod
602 1799 683 1864 dixit
697 1802 829 1866 Marcus
843 1799 1004 1880 Vestinus,
1019 1821 1094 1864 curn
1113 1799 1143 1863 ei
1165 1821 1248 1864 nun-

218 1885 334 1954 tiatum
360 1887 447 1966 effer,
466 1825 646 1975 Aliquando
667 1886 775 1972 desseret
796 1898 911 1974 putere.
956 1885 1108 1952 Onerabo
1132 1885 1248 1952 librum
1298 1961 1301 1966 Δ

217 1973 384 2060 exemplis,
400 1973 597 2060 fimilemque
622 1969 673 2049 iis,
689 1971 746 2058 qui
770 1971 848 2036 risus
874 1971 976 2058 gratia
1001 1993 1071 2049 com
1097 1981 1248 2050 oriuntur,

216 2055 403 2140 efficiam,fi
426 2057 569 2146 persequi
589 2057 720 2124 voluero
736 2055 857 2144 lingula
871 2069 1028 2124 veterum.
1071 1992 1122 2120 dx
1143 2055 1248 2120 omni-

217 2144 280 2209 bus
294 2165 328 2208 ar
352 2157 555 2210 umentorum
570 2141 650 2208 locis
665 2141 776 2208 eadem
791 2141 911 2206 occasio
924 2143 978 2206 ell.
1022 2143 1109 2206 Nam
1125 2141 1251 2230 etfini:

218 2229 296 2292 tione
309 2165 387 2294 ulus
400 2230 443 2292 est
457 2227 623 2316 Augustus
632 2227 672 2292 de
683 2227 889 2314 pantomimis
901 2227 1038 2306 duobus,
1050 2227 1106 2312 qui
1121 2226 1250 2292 alternis

217 2313 359 2401 gestibus
374 2313 619 2391 contendebant,
637 2333 711 2378 cum
727 2333 837 2376 eorum
852 2311 987 2376 alterum
1000 2313 1177 2400 solutorem
1197 2311 1247 2376 di-

217 2395 278 2479 xit,
303 2397 438 2466 alterurn
464 2396 722 2487 interpellatorem.
766 2399 808 2462 Et
854 2397 1001 2464 artitione
1032 2397 1148 2478 Galba,
1173 2418 1247 2462 cum
1260 2397 1306 2462 66

217 2483 368 2570 penulam
384 2485 512 2574 roganti
533 2481 705 2582 respoudit,
719 2481 792 2550 Non¹
804 2418 900 2572 pllu't,
915 2482 1025 2569 nonest
1043 2497 1112 2570 epus
1126 2483 1181 2546 tibi
1193 2507 1203 2546 .·
1215 2483 1252 2568 sa

216 2569 308 2656 pleat,
324 2570 382 2657 ipse
395 2581 478 2634 utar.
523 2567 656 2634 Proinde
674 2593 793 2656 genere,
800 2569 910 2666 specie,
922 2569 1062 2658 propriis,
1079 2569 1111 2632 dl
1139 2569 1248 2631 brenti·
1281 2631 1283 2634 .

219 2655 284 2734 bus,
301 2655 438 2742 jugalis,
464 2655 624 2744 aaelj'unllis,
649 2651 895 2743 corssquenlrbus,
922 2655 1103 2718 antecedente
1123 2679 1170 2734 us,
1199 2677 1247 2716 re·

216 2740 432 2838 pugnantibus,
448 2765 503 2804 cau
525 2764 563 2819 rs,
578 2738 700 2827 effetlin
714 2739 929 2827 comparatione
943 2739 1075 2828 parium,
1090 2741 1248 2824 majorum,

218 2847 374 2906 minorum,
389 2825 498 2890 similis
511 2823 645 2889 materia
665 2826 836 2910 prabetur.
878 2824 972 2890 Sicut
997 2824 1031 2887 in
1049 2837 1145 2914 tropos
1164 2843 1247 2911 quo-
1260 2829 1306 2914 67

218 2931 284 3000 que
298 2932 411 2978 omnes
426 2911 557 2977 cadunt.
601 2909 655 2972 An
680 2933 746 2974 non
768 2908 905 2998 plurima
925 2908 992 2970 καθ’
1004 2910 1011 2948 ³
1025 2907 1175 2993 ὁπερξολὴν
1196 2911 1248 2974 di-

219 2997 359 3062 cuntur?
384 2993 478 3084 quale
497 2993 594 3062 refert
612 2993 727 3060 Cicero
749 2995 790 3062 de
805 2994 990 3060 Memmio*
1013 2993 1145 3064 homine
1166 3009 1247 3086 prae-

251 3179 403 3232 ‘bidentem
413 3177 522 3228 Gamla.
587 3180 800 3230 ‘mittebttlens
865 3179 1004 3241 ”quodid
1080 3179 1251 3232 leeGmr·

219 3263 256 3296 eu
266 3264 309 3296 ene.
321 3248 352 3298 G.
417 3245 625 3296 ¹‘euna-leus„

257 3412 302 3476 63.
321 3407 360 3461 ‘Tu
376 3407 440 3459 em‘m
451 3423 497 3458 non
514 3405 596 3470 times]
612 3407 651 3457 De
662 3405 709 3458 hoc
759 3407 906 3460 adeoeaurm
923 3406 985 3458 lllud
1005 3407 1120 3460 Terentii
1139 3407 1207 3460 Eun.
1220 3424 1248 3472 4,

220 3477 409 3550 usu‘particulae
426 3473 614 3536 caussalis,ante
634 3493 710 3544 quarn
762 3495 786 3541 3,
808 3493 851 3541 23.
880 3487 904 3527 et
923 3490 1010 3530 norum
1031 3479 1120 3546 Juven.
1141 3481 1166 3539 6,
1187 3475 1249 3542 3⁶6,

220 3551 348 3602 emittitur
359 3565 405 3598 non
413 3601 414 3604 Ἴ
423 3545 511 3598 mirum
528 3544 566 3595 vel
579 3545 627 3596 tale
639 3545 711 3616 quid,
760 3549 831 3607 Sunt,
843 3563 904 3616 quas
915 3541 1025 3598 Eunrerhi
1036 3545 1140 3600 imbelles
1152 3547 1201 3598 dee.
1247 3571 1250 3576 ·

219 3619 331 3672 diximus
349 3617 380 3668 ad
401 3633 523 3678 a‚11,7.
545 3615 603 3665 add.
622 3614 709 3667 mous.
796 3618 839 3680 ⁶5·
866 3633 919 3666 cum
940 3616 963 3667 ei
980 3616 1119 3668 nuntiatum
1138 3614 1204 3684 effer]
1223 3615 1250 3668 Si

162 3724 166 3736 r
222 3705 266 3753 77.
304 3689 441 3748 Caetemm,
466 3684 645 3736 amarulentum
669 3683 713 3736 esse
761 3685 814 3736 hae'e
835 3685 890 3737 sana
909 3685 1134 3754 funt,deelt‚quid
1149 3686 1251 3736 nuntia·
1288 3733 1294 3746 ,

222 3759 269 3810 hoc
287 3755 436 3826 responsum,
458 3767 482 3805 et
501 3753 576 3805 locum
596 3753 714 3823 respicere
761 3766 816 3806 tum
828 3755 866 3806 su.
892 3757 959 3810 Inter
971 3749 1130 3821 conjelluras,
1142 3765 1250 3824 quarum

218 3827 254 3879 'ad
266 3827 433 3898 principatum
450 3839 479 3874 ac
498 3823 651 3892 tyrannidem
669 3825 713 3873 ad·
758 3839 840 3892 neque
848 3823 907 3877 linis
918 3841 998 3893 neque
1008 3827 1097 3876 modus
1118 3824 1188 3886 est‚fi
1205 3826 1250 3876 ad-

222 3913 261 3958 eo,
282 3895 386 3947 ostendit
406 3893 574 3954 Burmannus,
594 3893 714 3945 advocato
761 3895 869 3964 optanda
892 3894 976 3964 aliqua
998 3894 1035 3956 su,
1056 3894 1161 3964 placeret
1180 3897 1251 3946 erirra

222 3964 412 4018 casaubonoad
425 3965 509 4014 Sueto.
523 3963 597 4032 Aug·
614 3979 656 4027 53·
684 3989 686 3992 ·
761 3964 967 4034 comparationem
988 3964 1179 4022 Burmanniana,
1204 3963 1252 4031 qui

259 4039 304 4097 64.
323 4033 476 4086 vererundia
493 4031 562 4100 ipstus
571 4031 652 4099 sarit]
673 4033 715 4084 Sic
761 4033 792 4082 de
811 4043 888 4086 morte
903 4032 1011 4098 alicujus
1025 4033 1107 4102 putidi
1123 4045 1148 4083 et
1164 4031 1253 4085 hiecoli

223 4097 318 4157 indicat
340 4103 444 4164 Fabius,
467 4101 511 4153 libi
536 4119 585 4152 non
613 4103 713 4172 probari
762 4102 1023 4154 hominisnuntiarum
1040 4103 1198 4174 suspicatur.··
1222 4101 1251 4152 1-

165 4191 166 4196 *
221 4173 329 4233 uiuum,
358 4183 396 4223 et·
413 4173 512 4224 honoris
534 4171 608 4224 carisa
635 4181 715 4223 tacere
748 4172 818 4223 ‘dem
831 4171 1058 4243 Vqlinosexveteri
1075 4172 1194 4224 memorie
1210 4169 1252 4224 dia

224 4243 349 4295 atrorem
366 4241 553 4302 didisaullori·
566 4242 610 4292 suo
627 4242 715 4310 panim
763 4241 866 4314 ligentur
880 4241 1040 4312 persequitur.
1104 4265 1107 4270 ¹
1219 4259 1234 4270 ·⁴

224 4310 363 4368 honorifici.
390 4313 430 4365 De
441 4309 588 4383 spadonibus
601 4311 656 4378 jam
665 4310 714 4364 huc
791 4339 793 4343 v
897 4335 900 4342 ’
997 4333 1016 4344 ·’
1115 4345 1117 4352 =

661 4385 703 4424 ‚ri
