3024 4912
262 407 321 486 aaa
506 407 549 468 Μ.
564 405 688 467 FABll
711 403 1055 468 QUINCTILIANI

262 595 326 637 non
343 570 507 637 Sallustius
521 569 642 636 diretto
663 569 701 633 ad
724 569 926 650 Ciceronem,
941 569 973 634 in
990 589 1086 658 quem
1112 567 1212 653 ipsum
1236 566 1290 633 di-

261 659 367 736 cebat,
390 658 464 722 usus
488 658 532 720 est
556 655 721 742 principio,
737 667 771 719 et
792 655 923 744 quidem
947 654 1117 741 protinus?
1145 652 1292 719 Graviter

263 755 291 807 et
316 743 415 831 iniquo
442 743 538 806 animo
560 740 717 805 maledicio
742 754 794 804 tua
811 753 941 830 paterer,
958 741 1067 806 Marce
1082 737 1191 803 Tulli.-
1212 739 1292 804 ficut

262 839 297 892 et
320 828 434 893 Cicero
454 825 572 892 fecerat
592 827 625 890 in
648 825 832 906 Catilinam,
852 825 959 914 &roris
971 826 1147 889 actoridem
1172 823 1292 888 abutere

259 911 408 1000 patientia
423 913 431 952 ¹
450 910 576 998 neutro?
596 911 658 990 Ao,
674 911 801 998 nequis
816 849 1019 998 apostroplren
1044 909 1190 989 miretur,
1204 909 1290 974 idem
1301 904 1343 990 69

263 999 377 1062 Cicero
399 1018 456 1084 pro
479 999 597 1062 Scauro
620 996 760 1061 ambitus
785 1017 851 1074 reo,
866 1017 940 1082 quae
965 994 1067 1060 caussa
1085 995 1129 1059 est
1147 994 1180 1058 in
1199 1015 1291 1058 eom-

260 1081 436 1162 mentariie,
466 1087 553 1168 (nam
578 1081 632 1146 bie
658 1081 808 1146 eumdem
837 1079 993 1162 defendit)
1018 1079 1213 1227 prosopopoeia
1228 1077 1288 1144 ‹lo-

283 1167 388 1233 uentie
410 1189 468 1253 pro
489 1187 545 1231 reo
564 1167 686 1244 utitur3
717 1187 775 1252 pro
796 1165 926 1230 Rabirio
948 1187 1022 1229 vero
1045 1167 1088 1230 Po
1114 1187 1205 1245 umo‚
1234 1187 1291 1229 eo·

259 1191 401 1338 demque
427 1253 544 1316 Scauro
566 1274 621 1317 reo
646 1249 903 1340 repetundarum,
927 1252 1025 1317 etiam
1050 1249 1188 1337 exemplis
1199 1275 1210 1330 3
1233 1271 1292 1336 pro
1498 1171 1503 1396 1

227 1349 229 1360 “
263 1337 416 1404 Cluentio
434 1343 484 1420 (ut
498 1338 595 1401 modo
609 1336 741 1416 ostendi)
765 1337 934 1424 partitione.
977 1337 1054 1402 Non
1077 1345 1184 1402 tamen
1207 1335 1288 1416 haec,
1301 1343 1344 1414 70

286 1423 339 1488 uia
360 1421 485 1508 poliunt
507 1423 590 1486 bene
610 1421 783 1509 aliquando
805 1421 884 1500 lieri,
901 1421 1005 1508 paffim
1029 1419 1175 1485 facienda
1195 1419 1267 1484 sunt
1277 1444 1288 1502 ;

261 1445 316 1573 led
352 1507 456 1572 uoties
468 1519 488 1548 ¹¹¹
503 1519 698 1595 praeceptum
713 1506 823 1571 vicerit
837 1507 918 1571 ratio
933 1533 941 1571 z
964 1527 1030 1594 quo
1044 1505 1142 1572 modo
1155 1517 1189 1570 et
1205 1504 1289 1569 fimi·
1502 1505 1503 1510 ’

261 1531 413 1671 litudine,
441 1591 519 1656 dum
542 1591 642 1672 brevi,
673 1605 706 1656 et
731 1593 943 1671 transsatione,
970 1605 1065 1676 atque
1093 1591 1164 1655 aliie
1191 1590 1290 1678 tropis
1351 1625 1360 1644 .

267 1681 354 1764 (quae
367 1676 479 1741 omnia
488 1678 573 1742 cauti
588 1677 635 1742 illi
650 1698 686 1740 ac
701 1675 758 1742 dili
783 1690 873 1742 entes
887 1675 1068 1763 prohibent)
1094 1689 1223 1747 utemur
1237 1677 1288 1740 in-

189 1825 197 1842 „
262 1761 381 1827 terim:
405 1761 485 1824 nifir
509 1763 529 1825 li
555 1762 608 1827 cui
631 1761 737 1826 divina
757 1701 812 1827 illa
826 1785 884 1850 pro
899 1761 1026 1850 Ligario
1047 1761 1159 1840 ironia,
1173 1762 1213 1824 de
1226 1783 1291 1847 qua

263 1846 370 1935 paullo
384 1859 458 1910 ante
474 1847 625 1926 dixeram,
640 1845 793 1936 displicet.
838 1846 914 1912 Alia
928 1846 1128 1911 exordiorum
1143 1845 1221 1910 vitia
1234 1868 1287 1910 ve·
1300 1855 1339 1925 71

262 1931 330 1998 rius
353 1931 561 1998 tradiderunt.
607 1932 706 1998 Quod
728 1933 760 1997 in
784 1932 891 2020 plures
914 1931 1029 1996 caussas
1053 1931 1289 1996 accommodari

144 2023 154 2100 η’
261 2017 376 2104 potest,
400 2015 530 2117 vulgare
553 2018 690 2083 dicitur:
724 2018 757 2082 id
778 2019 886 2082 minus
910 2015 1093 2096 favorabile,
1117 2016 1311 2103 aliquando

262 2115 371 2167 tamen
385 2123 448 2166 non
465 2102 619 2168 inutiliter
632 2101 813 2168 allumimus
823 2116 852 2166 ⁰:
876 2103 1003 2191 magnis
1019 2101 1097 2188 saepe
1111 2101 1290 2166 oratoribus

262 2209 327 2250 non
343 2185 496 2250 evitatum
513 2211 521 2250 z
545 2209 611 2275 quo
626 2199 659 2252 et
673 2188 864 2252 adversarius
879 2189 924 2252 uti
946 2187 1057 2275 potest,
1073 2211 1218 2251 commune
1231 2209 1289 2274 ap·
1493 2123 1502 2347 ὲ

263 2271 422 2359 pellatur:
446 2271 532 2358 quod
555 2272 745 2337 adversarius
768 2273 800 2336 in
827 2274 913 2338 luam
933 2271 1102 2338 utilitatem
1123 2271 1290 2336 defleuere

262 2357 374 2444 potest,
390 2356 610 2420 commutabile.-
632 2357 719 2444 quod
732 2357 842 2424 caullae
855 2381 918 2423 non
936 2358 1085 2435 cohaeret,
1090 2359 1264 2446 separatum
1277 2383 1287 2421 .·

262 2440 351 2528 quod
372 2440 502 2504 aliunde
516 2441 662 2522 trahitur,
679 2443 872 2530 trarfiatum:
887 2457 1036 2532 praeterea
1056 2443 1143 2528 quod
1157 2442 1291 2532 longum,

263 2525 351 2614 quod
366 2538 467 2590 contra
478 2539 628 2615 praecepta
643 2529 695 2593 est.
741 2531 888 2596 Quorum
903 2528 1051 2628 pleraque
1065 2549 1128 2590 non
1143 2527 1290 2615 principii

263 2611 361 2675 modo
384 2611 457 2674 suut
481 2611 567 2690 vitia,
583 2613 635 2676 sed
655 2614 754 2678 totius
778 2614 943 2680 orationis.
987 2615 1068 2679 Haec
1083 2613 1120 2676 dr
1141 2613 1342 2700 proemium

263 2697 390 2782 quoties
404 2696 465 2759 erit
478 2694 548 2760 e'us
563 2697 656 2762 usus:
680 2721 744 2762 non
758 2699 878 2786 semper
889 2713 994 2764 autem
1011 2699 1076 2762 est:
1100 2719 1173 2761 nam
1190 2711 1223 2761 et
1238 2700 1289 2763 su-

262 2803 453 2867 pervacuum
475 2718 647 2867 aliquando
661 2785 738 2862 estt,
754 2784 773 2847 fi
791 2785 826 2848 fit
839 2796 1031 2872 praeparatus
1046 2781 1116 2846 satie
1137 2781 1232 2848 etiam
1249 2785 1289 2848 sr-

264 2888 304 2930 ne
320 2867 382 2931 hoc
398 2865 511 2954 judex,
527 2867 617 2935 autsr
632 2889 681 2932 ree
696 2870 922 2957 preparatione
937 2891 1002 2934 non
1023 2879 1127 2958 egeat.
1170 2869 1290 2934 Aristo·

294 3064 301 3095 ¹
320 3076 369 3128 pat.
380 3070 457 3116 nostre
468 3084 509 3115 ora.
521 3067 551 3116 G.
628 3073 647 3099 Μ
666 3069 812 3131 consequens
823 3071 882 3118 illud
890 3069 1006 3137 absterdunr
1016 3071 1052 3119 iic
1062 3082 1115 3136 etp.
1123 3083 1151 3136 p.
1163 3071 1245 3136 ingerit
1256 3047 1288 3120 G.
1485 3045 1495 3112 l

265 3136 336 3177 'ena
349 3132 379 3179 G.
444 3139 456 3163 ⁰
475 3133 538 3196 ains.
550 3133 582 3180 G.
594 3133 698 3197 repleret
708 3136 770 3198 apud
779 3138 857 3185 Burin.
921 3137 1023 3202 tetinfl
1033 3137 1065 3186 G.

287 3295 330 3342 at.
341 3291 528 3363 Sallustius-ud
534 3295 681 3362 Ciceronem]
699 3297 751 3349 Ex·
836 3301 879 3366 69.
898 3296 925 3350 in
940 3297 1129 3365 commentariis]
1149 3299 1249 3353 Exstitit
1265 3301 1287 3352 i·

262 3360 307 3412 stut
319 3362 391 3413 hodie
402 3375 426 3414 et
443 3383 500 3416 cum
520 3365 626 3418 Sallustii
646 3365 750 3434 reliquie
800 3369 869 3437 gitur
879 3386 952 3436 opus,
964 3369 1043 3421 Fabio
1060 3370 1187 3438 prodente,
1198 3371 1224 3422 in
1236 3387 1288 3439 quo

262 3431 344 3482 editur
361 3432 442 3484 oratio
461 3435 487 3486 in
508 3435 663 3498 Ciceronem,
675 3453 751 3504 quam
800 3453 849 3488 non
865 3437 941 3504 justas
959 3437 1142 3508 elaboratasqoe
1164 3439 1287 3492 orationes

261 3517 293 3552 ex
314 3503 361 3554 hoc
384 3501 448 3563 loco,
470 3517 495 3554 et
515 3504 593 3556 altero
613 3523 639 3570 9,
662 3523 687 3569 3,
706 3507 749 3574 89.
799 3505 914 3558 retulerat
938 3507 1036 3570 Cicero,
1058 3507 1097 3559 sed
1124 3527 1153 3562 ea
1178 3519 1287 3571 tantum,

262 3571 351 3640 Crispo
373 3572 477 3640 quidam
499 3572 535 3699 ipa
559 3573 681 3625 vindicari
704 3591 750 3642 pu·
800 3593 866 3645 quae,
885 3588 941 3628 ante
975 3595 1032 3629 uam
1052 3589 1145 3646 ageret,
1162 3577 1287 3629 memoria

263 3651 328 3703 rant,
340 3651 378 3702 ut,
391 3644 434 3710 qui
447 3655 532 3711 conta
548 3641 626 3702 dicat,
638 3641 700 3694 nihil
711 3643 750 3694 di·
799 3645 879 3705 eausa,
892 3594 1026 3718 scripderat.
1056 3646 1111 3706 Vel,
1124 3649 1170 3700 hoc
1188 3647 1288 3700 nomine

264 3721 315 3762 eat.
338 3709 535 3784 Qintlilianum
554 3710 598 3762 hac
618 3712 643 3762 in
661 3727 687 3764 re
703 3709 752 3762 fal·
800 3715 910 3776 veniunt,
931 3733 988 3784 quae
1006 3717 1056 3786 ipso
1072 3716 1169 3769 dicente
1185 3733 1286 3784 excepe-

263 3778 326 3840 sum,
338 3795 417 3847 neque
430 3779 479 3850 ipse
491 3779 565 3831 aufim
577 3781 669 3834 diceret
681 3781 751 3852 Qid
798 3795 856 3839 runt
866 3785 957 3836 notarii
968 3807 975 3850 ς
994 3803 1044 3856 qua
1060 3785 1127 3838 dere
1143 3786 1195 3837 vid.
1215 3785 1246 3836 ad
1258 3803 1286 3848 4,

263 3845 371 3918 digitur
381 3847 491 3901 exstititit
501 3851 615 3902 dicamus
632 3851 705 3904 Fabii
717 3867 751 3902 ω·
801 3869 825 3916 3,
840 3871 881 3916 ¹7·
909 3853 999 3906 Utrum
1018 3855 1105 3906 horum
1123 3871 1221 3926 cunque
1231 3854 1286 3906 fue·

262 3915 398 3984 tateiplius
415 3919 550 3970 orationem
563 3917 687 3984 Sallustii,
708 3920 750 3972 de·
797 3923 841 3984 rit,
854 3923 918 3974 idem
934 3941 999 3994 opus
1016 3925 1114 3976 laudare
1130 3925 1286 3976 videtureti-
1328 3917 1333 3930 ’

263 3985 422 4036 clamatorem
441 3999 523 4038 autem
541 3987 649 4058 aliquem
666 3989 750 4054 junio·
799 4007 838 4042 am
849 3993 980 4044 Diomedes
992 3995 1055 4046 libro
1070 4013 1093 4046 r.
1107 4013 1133 4064 p.
1149 3997 1179 4059 36
1184 4013 1208 4060 5.
1220 4007 1284 4046 extr.

261 4071 313 4106 mm
325 4055 357 4106 ab
370 4054 409 4106 his
420 4056 485 4125 apud
502 4057 610 4108 Fabium
625 4056 663 4109 fra
683 4075 750 4110 men·
799 4060 900 4114 Putsch.
923 4063 962 4114 hie
981 4064 1072 4126 verbis,
1092 4062 1175 4117 Cicero
1194 4063 1286 4134 caesti-

262 4125 298 4174 tie·
312 4121 447 4177 formandae
459 4125 511 4191 ejus
528 4127 638 4196 quamh
673 4127 750 4179 ieha·
799 4145 855 4182 rum
863 4129 939 4182 Xlll.

262 4193 349 4242 bemus
360 4192 545 4248 declamationis
553 4196 700 4252 occasionem
711 4211 751 4248 ar-
836 4217 880 4262 70.
894 4198 977 4268 paullo
988 4201 1058 4266 ante]
1078 4199 1097 4252 s.
1113 4220 1155 4270 39.

262 4260 378 4330 ripuille?
836 4286 880 4332 7²·
893 4269 1040 4340 Arssoteks]
1053 4269 1130 4324 Rhet.
1146 4289 1170 4340 3,
1186 4289 1228 4338 14,
1242 4289 1284 4339 30.
