3022 4920
441 345 611 424 rusam.
631 348 834 412 ousion.
855 349 939 410 ms.
958 349 983 408 1.
1008 367 1054 410 η.
1130 417 1132 423 ,
1209 355 1255 435 γ’,

224 517 304 590 sono
326 513 414 582 vocis
437 527 471 581 et
495 512 662 601 pluribusq
689 510 824 578 flexibus
850 510 999 590 serviunt,
1023 521 1097 578 curn
1125 513 1255 587 interim

227 604 308 670 alies
323 623 436 666 nervos
447 600 559 668 dextra
578 599 762 686 percutiunt
771 608 792 676 ¹,
808 596 886 662 alios
899 596 979 662 iaeva
993 599 1133 680 trahunt,
1149 605 1257 668 conti-

227 701 319 769 nent,
328 687 492 774 probant⁸,
503 707 544 750 ne
557 707 614 772 pes
628 683 758 771 quidem
773 683 903 761 otiosus,
915 697 1033 748 certam
1046 684 1154 772 ‘legem
1171 701 1255 754 tem·

191 783 218 847 4
273 797 344 839 rum
359 771 469 850 servat,
485 784 520 836 et
531 770 602 836 haec
621 770 737 855 pariter
752 768 882 833 omnia?
929 768 1041 834 Quid?
1066 793 1125 835 nos
1140 775 1258 860 agendi

244 859 333 924 ubita
347 857 525 922 necessitate
538 854 732 942 deprehensi,
746 876 852 917 nonne
867 853 929 918 alia
943 854 1092 934 dicimus,
1108 858 1170 921 alia
1183 881 1257 944 pro.

230 944 390 1020 videmus,
406 965 481 1008 cum
503 941 618 1028 pariter
639 939 782 1004 inventio
805 961 922 1016 rerum,
940 938 1054 1006 cledis
1077 944 1258 1026 verborum,

230 1029 430 1116 compofitio,
451 1029 568 1115 gestus,
586 1025 815 1112 pronuntiatis,
830 1025 949 1100 vultus,
971 1025 1156 1111 motusquet
1177 1030 1258 1094 defi-

230 1113 422 1180 derentur⁰?
469 1115 554 1180 Quae
579 1113 598 1175 fi
622 1110 729 1174 velutv
752 1111 897 1174 subrano
916 1123 1032 1174 conatu
1053 1124 1119 1176 tam
1141 1113 1261 1181 diversa

231 1211 345 1288 parent
365 1197 467 1276 simul,
487 1207 563 1262 cur¹
585 1217 649 1260 non
674 1194 821 1281 pluribus
842 1193 926 1258 curis
948 1194 1042 1261 horas
1063 1198 1258 1282 partiamur?

232 1307 309 1350 cum
330 1283 502 1371 praesertim
526 1282 646 1356 reficiat
669 1280 794 1344 animos
818 1301 855 1344 ac
880 1265 1001 1364 rep‘iret
1028 1283 1161 1346 varietas
1183 1287 1260 1372 ipsa,

232 1383 408 1457 contraque
427 1370 464 1434 fit
484 1368 648 1454 aliquanto
669 1365 828 1428 difficilius
850 1365 882 1428 in
906 1365 1014 1430 labore
1034 1389 1099 1432 uno
1120 1372 1261 1455 perseve-

233 1478 321 1522 rare:
345 1454 482 1541 ideoque
497 1465 531 1520 et
547 1452 631 1516 stilus
645 1450 783 1514 ledione
797 1451 976 1536 requiescit,
992 1466 1027 1515 et
1040 1451 1133 1538 ipsius
1148 1455 1262 1521 ladio-

197 1551 221 1621 5
236 1541 284 1605 nis
298 1540 431 1606 taedium
446 1539 571 1604 vicibus
585 1537 719 1602 levatur.
751 1535 957 1602 Quamlibee
974 1538 1106 1602 multae
1151 1541 1263 1623 rimus,

234 1626 373 1713 quodam
395 1637 502 1688 tamen
524 1621 621 1688 modo
636 1634 778 1686 recentes
793 1620 900 1684 sumus
920 1619 960 1684 ad
982 1621 1027 1702 id,
1041 1562 1351 1718 quffincipi.....

234 1733 318 1776 mus.
363 1709 447 1778 Quis
469 1707 533 1772 non
548 1707 684 1772 obtundi
705 1707 808 1792 posit,
824 1707 844 1768 fi
860 1728 917 1792 per
931 1717 1035 1772 totum
1052 1709 1138 1773 diem
1158 1712 1263 1800 cujus·

236 1817 376 1882 cumque
396 1793 473 1862 artis
487 1817 591 1858 unum
612 1792 797 1879 magistrum
812 1790 912 1856 ferat?
958 1792 1141 1859 Mutationc
1160 1819 1341 1862 recre-n-
1436 1861 1439 1866 .

236 1881 353 1962 abitur,
368 1879 447 1944 ficut
468 1879 500 1942 in
522 1878 614 1956 cibis,
634 1899 772 1964 quorum
793 1875 968 1941 diversitate
991 1879 1129 1944 refieitur
1150 1882 1264 1946 stoma-

203 1955 330 2045 6‘chus‚
346 1979 380 2029 et
399 1965 542 2051 pluribus
557 1964 680 2028 minore
703 1961 826 2026 fastidio
847 1961 954 2026 alitur.
997 1964 1067 2028 Aut
1087 1965 1197 2030 dicant
1217 1969 1267 2034 isti

238 2051 332 2131 mihi,
345 2075 418 2137 quee
441 2050 476 2113 fit
497 2049 559 2114 alia
576 2049 657 2114 ratio
679 2046 842 2112 discendi?
892 2047 940 2130 [Si
951 2051 977 2133 ¹]
992 2052 1188 2146 grammatico
1209 2053 1268 2118 soli

232 2128 460 2214 deserviamus,
476 2135 591 2200 deinde
601 2137 760 2222 georriitrae
773 2143 916 2198 tantum:
937 2146 1124 2202 omrttamus
1138 2135 1268 2204 interim

238 2222 326 2308 quod
351 2221 534 2300 didicimus,
559 2241 635 2284 mox
658 2217 848 2284 transeamus
873 2217 914 2280 ad
939 2219 1089 2305 mrcstmm:
1118 2212 1270 2290 excidant

237 2307 363 2397 priora:
386 2319 421 2370 et
435 2327 535 2392 quum
552 2304 672 2370 Latinis
695 2302 889 2368 studebimus
909 2303 1021 2383 literis,
1038 2328 1102 2372 non
1123 2309 1268 2395 respicia-

241 2415 313 2458 mus
335 2391 376 2456 ad
394 2392 543 2456 Graecas?
565 2402 599 2456 et
620 2401 657 2454 ut
679 2387 775 2452 semel
790 2389 911 2468 finiam,
926 2387 1007 2456 nihil
1028 2389 1193 2474 faciamus,
1214 2395 1270 2460 nist
1285 2432 1363 2444 --
1475 2471 1476 2478 ¹

209 2478 452 2558 7noviffimum.
498 2477 565 2542 Cur
586 2497 650 2538 non
672 2474 757 2538 idem
780 2473 945 2553 suademus
1003 2475 1118 2556 riculis,
1133 2501 1174 2542 ne
1194 2502 1270 2545 arra

239 2553 529 2643 ffil‘e‘ftt'neta,
544 2574 578 2628 et
592 2559 690 2641 oleas,
706 2572 739 2624 et
754 2559 923 2626 arbustum
944 2583 984 2626 co
996 2565 1074 2628 ant?
1099 2585 1139 2628 ne
1160 2566 1270 2652 pratis,

275 2755 287 2786 ¹³
306 2745 417 2810 piurimis
428 2745 458 2794 G.
524 2751 534 2775 ¹
552 2756 692 2808 percurrunt
703 2745 777 2794 MSS.
793 2745 882 2811 quidm
898 2757 936 2808 ap.
948 2747 1033 2794 Barim·
1089 2754 1100 2781 ⁸
1117 2749 1225 2810 praebent
1237 2751 1269 2800 G.

242 2811 307 2860 Jens.
319 2809 422 2872 etplum
434 2821 471 2872 ap.
484 2809 562 2858 Bum.
626 2817 635 2846 ῑ
647 2823 727 2860 motus
738 2811 770 2858 G.
837 2820 847 2841 ²¹
862 2811 1004 2860 desideratur
1014 2814 1045 2858 G.
1057 2813 1197 2862 derideretur
1206 2817 1270 2864 Jens.

241 2875 310 2922 aral.
374 2883 388 2908 v
404 2873 461 2920 velit
472 2887 522 2920 uno
534 2881 607 2922 cantu
618 2875 650 2924 G.
706 2885 794 2924 ‘cum
806 2875 837 2922 G.
903 2876 1110 2938 ²quantumlibet
1120 2877 1152 2928 G.
1200 2889 1272 2930 eom.

245 2941 277 2990 G.
288 2949 311 2986 et
320 2936 412 2986 Almel.
424 2949 461 3000 ap.
472 2939 551 2987 Bam.

243 3063 295 3152 non
313 3098 433 3154 citharam
452 3099 527 3156 ruodo
547 3101 646 3163 tradet,
668 3103 735 3172 quod
763 3101 982 3173 ›antdonumque
995 3104 1100 3226 proinde
1115 3103 1201 3160 dextra
1249 3128 1274 3161 r-

244 3166 372 3238 citbarifla
383 3167 453 3233 facit,
466 3170 580 3226 sedidem
591 3173 665 3228 etiam
677 3189 736 3225 can·
785 3173 843 3226 cuffi
854 3175 969 3226 emittant
980 3191 994 3225 a
1004 3177 1101 3237 tiorem,
1112 3171 1150 3230 rel
1163 3189 1191 3229 ut
1202 3199 1219 3249 p
1230 3197 1278 3232 ane,

247 3238 349 3290 tilenam
360 3241 463 3292 accinat.
785 3241 877 3312 piedro
894 3261 943 3295 non
958 3253 1108 3314 tangentum
1127 3246 1188 3299 alios
1206 3250 1275 3302 deni-

285 3325 311 3371 3.
332 3308 450 3376 probant]
474 3309 568 3362 Probat
586 3327 678 3362 nervos
699 3310 736 3363 ci
786 3329 834 3380 que
849 3312 951 3383 praebet,
972 3313 998 3365 h.
1016 3331 1040 3366 e.
1062 3317 1163 3368 remissis
1185 3318 1275 3388 digitis

210 3401 218 3404 -
248 3378 387 3439 marcadus,
400 3397 457 3432 cum
468 3391 525 3432 ante
542 3378 623 3449 ipsum
637 3391 737 3433 cantum
786 3381 863 3444 laxat,
881 3395 910 3434 ut
931 3381 990 3434 ratri
1009 3384 1095 3440 dextra
1115 3403 1172 3440 eum
1190 3387 1275 3442 sonum

247 3449 381 3518 experitur,
399 3465 431 3500 an
450 3451 517 3502 suam
536 3449 641 3518 quisque
658 3452 737 3511 inten-
785 3453 869 3514 edant,
887 3469 960 3522 quern
977 3452 1021 3505 dat
1037 3457 1136 3526 propria
1154 3457 1277 3511 aelthere

140 3529 143 3532 '
250 3517 341 3570 tionem
353 3517 737 3581 habeaasuumsonumreddat.
787 3522 901 3576 intentio.

248 3587 297 3640 Sed
307 3587 349 3639 hic
361 3589 387 3640 in
399 3605 471 3660 opere
482 3588 534 3658 ipso
545 3597 571 3640 et
586 3589 668 3642 medio
678 3605 740 3660 agc-
823 3607 852 3655 4.
870 3610 917 3643 une
927 3594 1026 3660 conatu]
1047 3594 1158 3649 vitiosus
1174 3593 1216 3648 bic
1234 3595 1277 3658 est,

248 3673 280 3710 ne
290 3657 408 3720 versatur,
419 3659 465 3711 ubi
482 3675 532 3710 non
539 3656 663 3727 probandi
676 3669 740 3710 tem·
787 3659 826 3712 rel
843 3661 946 3713 vitiatur
997 3664 1057 3725 tius,
1069 3681 1119 3716 nou
1134 3682 1208 3734 nego,
1219 3666 1278 3716 Go-

250 3745 298 3801 pus
311 3726 354 3789 est,
366 3727 406 3779 sed
417 3727 532 3780 canendi.
567 3727 643 3779 Haud
661 3727 741 3798 igitur
789 3730 890 3783 thanus.
926 3681 1280 3787 &dianmvelmnentermt

246 3795 335 3869 paullo
345 3796 435 3850 melius
446 3797 509 3848 mihi
519 3795 660 3857 ridebatur,
673 3798 741 3867 quod
790 3799 816 3851 hi
829 3799 917 3870 placet,
927 3812 952 3852 et
969 3804 1083 3855 convenit
1096 3819 1154 3856 cum
1166 3802 1279 3858 fimifltu·

249 3867 325 3938 supra
375 3867 420 3928 sui,
432 3865 551 3936 praebent.
587 3865 687 3919 sinistra
704 3869 741 3920 ci·
789 3869 1025 3923 dineacitharredis
1038 3871 1125 3926 sumta.

251 3885 432 3990 tharoedioaiios
442 3932 624 3997 navarram,
632 3935 741 4000 vellicat,
826 3941 852 3990 6.
874 3941 916 4008 [Si
921 3941 933 4006 ]
942 3939 1106 4009 grammatice
1109 3941 1174 4016 soli]
1194 3939 1280 3995 inciu-

247 4005 337 4074 'digito
351 4004 390 4058 rel
406 4022 492 4074 ungue
508 4003 642 4057 retusum
659 4006 742 4058 subito
790 4005 807 4060 fi
825 4010 995 4079 importunum
1007 4009 1040 4077 fi,
1051 4023 1080 4063 ut
1097 4011 1162 4065 mihi
1178 4011 1280 4064 rideba-

249 4075 361 4126 'rcm'ittit
384 4072 534 4144 (pizzicata
551 4074 578 4126 id
594 4091 672 4144 genus
689 4087 742 4127 tac-
792 4087 843 4130 tur.
880 4079 979 4132 Ironica
996 4079 1064 4133 velut
1081 4081 1203 4135 suadentis
1221 4101 1281 4134 enu-

254 4153 296 4195 tus
308 4155 410 4197 vocatur
425 4145 458 4196 ab
477 4144 574 4212 Italis),
590 4143 653 4197 alios
668 4144 744 4196 cunti-
790 4149 925 4200 metatione
942 4149 1033 4212 utitur,
1048 4161 1073 4202 et
1089 4151 1152 4220 quid
1168 4151 1281 4206 consecu-

252 4220 305 4276 Μ,
316 4213 415 4286 remit,
425 4212 465 4269 rel
477 4214 514 4274 ita
523 4224 554 4267 ut
571 4213 694 4274 breviores
711 4214 740 4276 a.
792 4228 876 4272 turum
892 4218 930 4282 sir,
941 4219 1026 4276 eadem
1036 4219 1149 4277 ostendit.
