3024 4912
165 3869 169 3878 =
265 3852 408 3911 παρατιλμῷ,
426 3851 578 3912 castratione,
597 3851 664 3904 caede

245 414 302 476 170
446 459 451 468 ,
478 397 522 464 u.
543 397 667 460 nasu
689 393 1037 463 nulucnmnus

136 571 140 583 '
238 562 360 648 m'serit,
374 589 417 628 an
432 561 582 650 irffer‘ens?
606 561 778 646 neceffltate,
795 583 836 624 an
859 561 956 647 casu?
977 572 1011 624 et
1035 555 1132 635 talia3
1156 555 1271 622 Mmt-

242 672 320 724 rum,
345 651 402 732 qui
427 645 515 712 cadit
541 649 574 712 in
600 648 735 733 speciem
763 645 963 732 quantitatis,
988 647 1042 708 Aa
1066 644 1148 708 Thra
1152 643 1271 726 y'bulor

239 734 372 820 triginta
398 733 526 822 praemia
563 733 737 809 debeantur,
767 732 819 817 qui
847 742 889 794 tat
922 743 1061 814 tyrannos
1088 729 1130 814 fir
1154 727 1272 792 ulerit?

238 819 396 904 caustum,
422 817 475 882 cui
522 818 646 884 lurimae
674 817 838 902 subjacent
859 816 944 894 lites,
997 813 1123 879 uotiess
1152 813 1323 900 fastumny

242 925 308 970 uon
334 919 481 992 negatur,
497 839 549 966 lid
573 903 650 1052 quia
667 902 752 990 julla
774 900 895 966 ratione
921 899 957 964 fit
973 838 1113 998 latium,
1128 897 1273 998 defendi·

244 1002 316 1064 tur3
350 991 463 1070 Τρόπον,
478 1009 552 1052 cum
568 988 579 1052 i
604 1035 613 1064 ,
629 988 718 1074 quod
740 987 804 1053 alio
821 986 920 1050 modo
933 985 999 1050 fien
1013 985 1102 1062 licet,
1117 983 1180 1048 alio
1194 984 1275 1050 dlcl·

245 1087 297 1138 tur
310 1072 453 1150 laetum
482 1072 557 1138 hinc
572 1075 614 1138 est
628 1073 749 1148 adulter
764 1072 834 1136 loris
849 1073 949 1157 cresus,
965 1069 1017 1136 vel
1028 1070 1123 1157 fame·
1133 1083 1274 1146 necatus3

248 1155 600 1244 Occaſsonemfaflorum‚
616 1159 705 1243 quod
719 1159 761 1222 est
776 1158 926 1243 apertius,
937 1179 1040 1304 quam
1056 1167 1093 1220 ut
1107 1154 1158 1220 vel
1175 1155 1276 1222 inter·

244 1243 446 1329 pretendum,
461 1243 511 1306 vel
525 1244 671 1328 exemplo
686 1245 722 1308 fit
735 1243 934 1308 demonstran
960 1264 1013 1304 um
1029 1266 1039 1303 ι
1057 1252 1171 1304 tamen
1187 1241 1276 1325 darp-

271 1329 304 1400 αὶς
320 1330 407 1410 ἔργων
432 1341 558 1392 vocant.
603 1329 649 1392 Hi
672 1351 737 1414 quo
761 1353 802 1394 ue
824 1327 945 1392 nullam
961 1325 1167 1412 questionem
1189 1337 1278 1390 extra
1289 1328 1329 1396 28

242 1354 318 1484 ,liaec
334 1426 457 1496 putant.
503 1413 645 1478 Quidam
664 1353 836 1480 detrilmnt
850 1411 930 1476 duas
950 1425 1066 1497 partes,
1081 1435 1232 1475 numerum
1246 1425 1279 1476 et

248 1517 440 1562 accaronem:
463 1509 497 1562 et
518 1521 575 1584 pro
600 1499 668 1577 illo,
683 1523 781 1586 quem
804 1497 870 1562 dixi
887 1506 967 1576 ablu,
980 1495 1152 1584 subjiciunt
1172 1518 1229 1574 res,
1244 1495 1279 1560 id

228 1579 290 1642 'est
304 1581 476 1664 πράγματα.
501 1605 503 1610 ·
523 1585 606 1650 Quae
622 1606 664 1648 ne
684 1584 848 1670 praeterille
864 1583 998 1662 viderer,
1013 1581 1085 1646 satis
1107 1580 1207 1646 habui
1229 1593 1279 1644 at-

247 1659 385 1750 tingere·
431 1665 582 1734 Ceterum
598 1669 649 1733 his
665 1691 725 1734 nee
741 1671 834 1734 status
849 1669 921 1733 satis
935 1665 1068 1746 ostendi,
1083 1688 1143 1730 nec
1168 1688 1280 1732 omnes

245 1747 405 1824 ⁸contineri
422 1751 511 1818 locos
525 1754 641 1818 credo:
666 1755 752 1841 quod
773 1753 938 1841 apparebit
960 1752 1146 1850 diligentius
1167 1751 1280 1837 legen-

250 1835 350 1914 tibus,
363 1858 436 1920 quae
452 1839 493 1904 de
507 1855 639 1925 utraque
654 1840 821 1904 redicam.
865 1840 968 1904 Erunt
988 1860 1075 1900 ennn
1086 1835 1182 1922 plura
1195 1836 1281 1900 mul-

249 1931 297 1998 to,
324 1943 418 2007 quarn
449 1947 520 2010 quae
547 1924 599 1988 his
621 1925 788 1990 elementis
814 1922 1139 2008 comprehenduntur.
1182 1920 1282 2006 Apud
1294 1945 1334 2014 29

250 2005 357 2091 plures
378 2009 522 2074 auetores
547 2009 625 2096 legi,
641 2011 790 2096 placuisse
805 2008 1006 2095 quibusdam,
1022 2029 1124 2071 unum
1149 2005 1284 2070 omnino

238 2089 355 2178 statum
370 2093 429 2156 elle
445 2094 677 2183 conjecturalem.
723 2095 789 2160 Sed
803 2093 920 2179 quibus
934 2091 1100 2178 placuerit,
1115 2111 1221 2176 neque
1236 2090 1284 2154 illi

252 2177 462 2257 tradiderunt,
479 2201 582 2264 neque
596 2201 659 2266 ego
673 2179 803 2265 usquam
818 2178 954 2264 reperire
968 2177 1069 2264 potui.
1115 2177 1284 2240 Rationem
1298 2215 1300 2223 ι
1328 2218 1332 2226 »

252 2273 361 2324 tamen
377 2263 465 2326 hanc·
473 2264 572 2328 secuti
587 2263 749 2344 dicuntur,
767 2263 855 2349 quod
880 2285 929 2326 res
951 2263 1057 2326 omnis
1078 2261 1097 2324 ss
1147 2261 1173 2324 is
1189 2260 1283 2324 colli-

253 2361 381 2432 geretur
395 2361 426 2410 r:
451 2372 517 2433 quo
532 2348 629 2412 modo
654 2349 750 2412 licet⁸
775 2347 938 2435 qualitatis
964 2283 1208 2433 quoqueliilum
1225 2347 1284 2410 sta-

250 2446 323 2494 tum
340 2432 481 2496 faciant:
505 2434 581 2521 quia
603 2435 722 2520 ubique
738 2433 840 2520 qualis
865 2434 900 2496 fit
923 2429 1074 2519 cujusque
1095 2432 1139 2496 rei
1162 2449 1285 2510 natura,

252 2518 353 2602 quaeri
378 2520 487 2603 potest.
533 2518 595 2584 Sed
619 2534 836 2606 utrocumque
862 2519 959 2582 modo
988 2518 1137 2604 sequetur
1165 2517 1288 2580 summa

255 2601 407 2668 confnfin.
452 2607 570 2690 Neque
593 2604 740 2682 interest,
756 2627 858 2668 unum
882 2603 954 2690 quis
978 2604 1090 2668 statum
1116 2601 1223 2680 faeiat,
1247 2623 1288 2666 an

159 2733 166 2745 „
254 2687 394 2778 nnllqm,
410 2689 429 2751 fi
446 2711 560 2754 ornnes
576 2688 685 2752 caussae
700 2690 774 2752 snitt
793 2687 995 2752 conditionis
1010 2688 1163 2774 ejusdem.
1209 2685 1287 2750 Cen·

247 2773 367 2854 jennm
382 2774 468 2838 dieta
482 2775 525 2838 est
540 2796 558 2837 a
573 2775 710 2860 carnellu,
727 2773 761 2837 id
776 2775 818 2838 est
839 2773 1016 2840 direetione
1038 2773 1176 2860 quadam
1189 2773 1289 2835 ratio-

257 2860 306 2920 nis
323 2858 362 2924 ad
379 2861 565 2924 veritatem:
588 2859 675 2924 unde
698 2859 793 2922 etiam
819 2859 1012 2924 somniorum
1032 2873 1129 2946 atque
1144 2858 1290 2922 ominum

256 2943 444 3028 interpretes
470 2946 637 3033 conjeeieres
658 2958 813 3009 vocamur
825 2954 851 3008 ¹¹.
895 2943 1101 3030 Appellatum
1125 2957 1232 3008 tamen
1248 2943 1291 3004 est

256 3027 320 3090 hoc
342 3051 446 3114 genus
470 3031 566 3108 varie,
581 3031 659 3092 ficut
684 3029 716 3092 in
738 3029 979 3114 ·sequentibusa
1001 3028 1134 3114 parebit.
1162 3028 1286 3109 (VIII.)
1297 3051 1342 3118 30

258 3114 402 3177 Fuerunt
414 3127 428 3154 ¹
453 3115 510 3202 qui
525 3115 607 3177 duos
622 3116 716 3176 llatus
731 3108 889 3178 facerent:
914 3049 1154 3178 Areliidemus²
1180 3112 1289 3198 conjec-

260 3197 398 3278 turalem,
424 3211 457 3264 et
478 3199 654 3288 finitivum,
678 3199 802 3286 exclusa
830 3197 988 3286 qualitate,
1013 3197 1088 3284 quia
1120 3197 1160 3261 fic
1184 3197 1225 3260 de
1254 3217 1298 3272 es,

206 3405 207 3414 ¹
294 3425 305 3456 1
323 3419 471 3482 Thrasybulo
482 3422 512 3468 (3.
592 3431 604 3468 a
622 3423 769 3484 consequens
781 3423 812 3468 G.
825 3419 918 3486 ursalcr.
1001 3425 1010 3448 f
1029 3417 1176 3478 colliguntur
1188 3417 1218 3464 G.
1229 3417 1292 3464 lens.
1374 3389 1376 3392 Ι

261 3487 271 3516 ⁵
284 3483 345 3530 libet
356 3485 395 3532 lid.
476 3492 485 3522 t
505 3488 558 3532 sunt
570 3485 600 3534 G.
683 3495 694 3518 ³
715 3501 831 3534 vocamus
843 3485 872 3533 G.
884 3484 947 3532 lens.
1037 3493 1047 3518 ¹
1066 3484 1177 3530 (luerunt
1188 3484 1218 3530 G.
1230 3481 1294 3528 Jenl.

263 3550 329 3626 male.
394 3555 406 3580 ²
424 3551 608 3599 Archiedemus.
620 3551 652 3598 G.

300 3701 352 3774 27.'
370 3711 469 3764 adulter
485 3711 543 3766 loris
562 3713 646 3784 cesus]
673 3703 755 3786 Qeni
804 3711 857 3779 Jul.
870 3711 901 3764 de
913 3709 1006 3762 Adule
1020 3723 1044 3762 et
1062 3708 1121 3760 Val.
1140 3708 1214 3760 Max.
1228 3709 1254 3766 6,
1268 3725 1294 3766 1,

263 3777 355 3832 scilicet
386 3779 471 3834 ulcisci
503 3784 623 3850 raphano,
653 3800 696 3834 mu
716 3783 754 3844 ili,
807 3801 848 3846 13·
871 3783 910 3834 De
919 3781 994 3852 sarrae
1005 3793 1089 3832 autem
1100 3775 1198 3848 precise
1209 3788 1294 3844 negat,

684 3802 755 3912 nico,
805 3853 865 3920 quia
883 3852 925 3902 irae
943 3847 1043 3918 quidem
1061 3849 1148 3900 subite
1165 3843 1296 3913 indulgent

264 3915 362 3968 diverfis
385 3921 498 3988 gentium
523 3921 621 3989 legibus
651 3920 754 3972 liceret:
806 3920 881 3990 leges,
893 3936 941 3969 non
954 3917 1094 3987 cuicunque
1106 3913 1235 3984 supplicio.

264 4002 315 4036 non
327 3985 431 4039 tranare
448 4007 598 4058 quoeunque
614 3991 688 4040 modo
699 3991 756 4057 quis
798 4031 802 4042 ,
843 4006 887 4051 27.
905 3998 987 4039 tamen
998 3985 1110 4052 ἐφορμὲς]
1124 3985 1201 4036 Vocis
1213 3994 1296 4036 tamen

264 4055 346 4106 vellet.
362 4057 406 4107 Sed
419 4057 612 4112 doeettamenB
631 4059 756 4112 nkerlhoe-
806 4077 860 4112 eam
879 4057 928 4108 vim
947 4055 990 4108 elle
1009 4066 1080 4124 puto,
1092 4053 1159 4123 qussi
1176 4055 1253 4114 dicat,
1266 4071 1296 4104 ne

237 4157 240 4163 ·
263 4122 324 4176 kius
338 4125 399 4176 Obs.
422 4145 446 4192 5,
460 4132 485 4178 8.
505 4148 531 4198 p.
548 4147 588 4196 39.
609 4077 646 4196 li,
665 4127 757 4180 licuisse
805 4142 887 4180 tamen
904 4127 986 4176 minus
1003 4125 1084 4176 brevis
1102 4123 1145 4178 elle
1161 4125 1254 4186 videar,
1266 4122 1296 4176 il·

267 4195 595 4248 Romaeetiamlorr'rcaedrr'e
603 4199 757 4262 adulterum,
807 4195 850 4250 lud
863 4207 927 4248 certe
939 4195 1061 4262 adjiciam.

268 4263 293 4314 in
314 4265 400 4332 primis
420 4283 451 4316 ex
467 4265 485 4316 l.
504 4284 547 4332 2¹2.
562 4272 586 4338 ᾗ.
608 4286 639 4334 3,
650 4290 667 4320 rr
679 4268 711 4318 ad
724 4267 757 4319 L.
974 4281 977 4286 '
