3024 4912
271 364 331 408 222
523 348 568 407 ld.
592 347 715 408 rann
736 345 1081 412 QUINOTILIANI

290 509 354 577 uod
368 508 502 594 minime
516 511 662 598 ostentari
677 510 775 576 debet
787 511 824 574 in
846 489 1010 600 principiis
1025 523 1136 593 cura²,
1151 490 1228 614 quia
1249 517 1298 581 vi·
1313 555 1319 564 ·

276 669 279 676 ¹
308 609 360 660 tur
382 617 432 660 ars
454 595 559 663 omnis
581 595 717 660 dicentis
740 609 851 660 contra
866 595 1012 682 judicem
1032 599 1188 666 adhiberi.
1233 603 1298 668 Sed
1310 618 1353 687 57

265 681 277 764 i
300 679 366 746 lum
382 679 461 746 istud
475 679 604 760 evitare,
617 681 748 746 sunrmae
762 681 839 746 artis
853 683 907 746 eit.
951 685 1038 748 Nam
1058 683 1092 748 id
1114 685 1177 752 fine
1197 686 1299 754 dublo

265 704 308 840 ‚alr
329 761 492 844 omnibus,
515 778 549 830 et
570 765 701 853 quidem
725 767 846 852 optime
868 782 1064 856 praceptum
1088 770 1153 834 est:
1185 794 1297 838 verum

266 851 468 947 aliquatenus
494 863 674 949 temporum
706 850 890 916 conditione
911 867 1075 920 mutatur:
1103 855 1203 942 quia¹
1225 857 1298 942 qui-

263 935 395 1003 buldam
409 936 440 1000 in
452 934 596 1020 judiciis,
612 937 813 1022 maximeque
827 938 1026 1023 capitalibus,
1041 942 1098 1003 etl
1112 941 1198 1027 apud
1219 963 1297 1006 cen-

264 1022 432 1100 tumviros,
449 1021 502 1106 ipsr
519 1021 645 1108 judices
660 1022 797 1108 exigunt
810 1023 947 1088 solicitas
968 1036 1002 1088 et
1017 1040 1179 1090 accuratas
1193 1027 1295 1092 adio-

261 1127 331 1196 pes,
341 1105 567 1193 contemnique
583 1107 625 1186 se,
639 1107 692 1175 nili
710 1109 743 1170 in
758 1105 896 1174 dicendo
909 1108 1006 1172 etiam
1018 1109 1074 1174 dili
1098 1111 1187 1174 entia
1196 1133 1291 1198 appa-

263 1205 344 1272 reat,
358 1190 514 1256 credunt:
539 1215 597 1256 nec
612 1191 719 1256 doceri
735 1204 872 1270 tantum,
889 1192 1051 1258 sedetiam
1090 1195 1218 1260 elediari
1235 1220 1293 1262 vo-

261 1277 361 1344 lunt..
377 1279 420 1342 Et
434 1277 477 1342 est
491 1277 628 1342 difficilis
642 1276 738 1362 hujus
753 1277 798 1340 rei
815 1279 1010 1344 moderatio:
1034 1285 1108 1366 quae
1129 1295 1235 1348 tamen
1250 1281 1294 1348 ita
1305 1281 1350 1366 58

261 1377 329 1430 tem
370 1362 428 1426 rari
445 1363 555 1448 potest,
567 1375 602 1426 ut
616 1362 780 1426 videamur
791 1377 949 1440 accurate,
960 1385 1023 1428 nou
1038 1364 1164 1444 callide,
1173 1366 1292 1434 dicere.
1330 1385 1333 1390 '

261 1447 326 1524 illu
364 1471 404 1514 ex
417 1447 586 1534 praeceptis
599 1445 759 1512 veteribus
779 1463 899 1528 nrarret,
916 1449 964 1512 Ne
978 1451 1057 1536 quod
1076 1450 1199 1538 insilenr
1221 1477 1296 1518 ver,

261 1535 340 1612 bunt,
363 1558 399 1596 na
421 1535 563 1612 audacius
585 1532 773 1618 transsatum,
793 1559 830 1598 nc
851 1547 905 1601 aut
929 1535 967 1598 ab
991 1534 1114 1618 obstricta
1136 1549 1207 1600 veta
1230 1552 1291 1620 ate,

261 1632 315 1692 ant
330 1645 350 1684 a
369 1617 483 1705 poetici
496 1617 616 1684 licentia
628 1621 774 1705 sirmium,
789 1618 821 1682 in
845 1620 947 1706 princi
970 1618 1002 1682 io
1023 1619 1183 1706 deprehen
1206 1635 1289 1690 atur.

257 1703 417 1772 Nondum
432 1704 517 1776 enim
532 1705 651 1790 recepti
667 1703 788 1783 sumus,
804 1717 837 1768 et
851 1707 916 1768 cust
961 1703 987 1768 it
1001 1727 1059 1768 nos
1074 1728 1184 1772 recens
1201 1709 1291 1774 audi·
1301 1719 1344 1792 59

258 1789 384 1857 entium
399 1788 558 1854 intentio:
582 1789 879 1876 magisoonciliatis
900 1791 1026 1868 animis,
1041 1800 1075 1854 et
1089 1791 1159 1877 jam
1180 1793 1288 1858 calcu-

257 1876 358 1954 tibua,
374 1875 446 1938 haec
460 1873 592 1942 libertas
606 1874 737 1951 feretur,
751 1875 954 1962 maximeque
968 1897 1043 1940 cunr
1059 1874 1092 1938 in
1103 1875 1195 1942 ¹locos
1212 1878 1288 1946 'fue-

256 1960 358 2028 rimus
373 1959 509 2046 ingreffi,
525 1981 663 2046 quorum
678 1959 830 2027 naturalis
842 1962 992 2027 ubertasc
1014 1960 1175 2025 licentiam
1198 1963 1286 2030 verbi

257 2046 361 2110 notari
380 2045 575 2124 circumfuso
598 2046 701 2110 nitore
725 2067 791 2108 non
816 2047 946 2131 patitur.
990 2046 1062 2110 Nec
1087 2049 1286 2133 argumentis
1299 2048 1344 2110 60

142 2145 150 2160 ¹
255 2143 377 2210 autem,
402 2152 461 2194 nec
482 2129 574 2211 locis,
590 2153 649 2194 nec
672 2129 842 2194 narrationi
864 2131 972 2197 similis
993 2130 1053 2194 elle
1074 2129 1108 2194 in
1133 2136 1287 2231 prooemio

254 2215 351 2282 debet
366 2215 480 2294 oratio,
496 2237 599 2301 neque
613 2230 721 2278 tamen
736 2213 872 2280 dedudia
884 2215 1016 2302 semper,
1031 2229 1128 2300 atque
1145 2239 1285 2284 circum·

253 2299 331 2380 lata,
347 2299 398 2364 sed
415 2299 494 2386 saepe
516 2300 647 2388 simplici
666 2313 764 2384 atque
777 2298 976 2364 illaboratael
998 2300 1117 2380 similis,
1133 2323 1191 2366 nec
1213 2326 1284 2368 ver·
1376 2338 1380 2349 ,

252 2386 304 2452 bis
319 2385 475 2470 vultuque
490 2385 589 2450 nimia
610 2385 810 2472 promittens.
853 2385 1054 2451 Diffimulata
1071 2385 1171 2466 enim,
1187 2399 1230 2467 et,
1246 2401 1285 2454 ut

254 2471 361 2536 Graeci
376 2469 500 2551 dicunt,
516 2470 681 2549 dirripiunt
696 2470 791 2550 atiio,
808 2471 924 2536 melius
936 2471 1017 2556 laepe
1030 2469 1173 2556 surrepit.
1218 2471 1283 2540 Sed

251 2555 336 2635 haeo,
362 2569 456 2641 prout
480 2555 608 2622 formari
632 2555 758 2620 animos
775 2555 924 2640 judicum
946 2555 1105 2642 expediet.
1148 2559 1282 2623 Turbari
1296 2559 1334 2622 61

252 2642 416 2720 memoria,
433 2641 484 2706 vel
504 2639 712 2710 continuandi
734 2641 829 2704 verba
849 2639 1026 2708 facultate⁶
1048 2641 1185 2722 destitui,
1205 2643 1280 2708 nus-

200 2851 202 2858 1
284 2829 415 2878 ¹cant
504 2824 751 2887 ²jaminfiG.Jens.
841 2825 950 2877 ”utria
1038 2827 1162 2881 ‘libertas
1173 2829 1280 2880 (Mens.

250 2893 263 2966 ξ
280 2895 394 2942 inelabor.
407 2893 447 2940 iid.
512 2897 522 2920 ⁶
541 2889 654 2937 facilitate
666 2889 697 2938 G.

289 3043 329 3106 56.
349 3036 645 3108 minimeostentaridebet
662 3039 738 3104 cura]
787 3037 860 3090 Add.
885 3038 982 3092 Plinius
1005 3039 1105 3110 sequens
1129 3060 1157 3102 2,
1182 3059 1224 3106 14,
1250 3061 1276 3095 1.

249 3112 325 3182 Qod
337 3111 428 3162 Cicero
437 3112 510 3163 etiam
529 3107 640 3176 praecipit
651 3107 682 3158 de
695 3109 737 3160 In-
763 3127 765 3138 ¹
788 3109 915 3160 Caeterum
930 3109 961 3161 de
982 3108 1024 3160 illa
1042 3111 1136 3162 ratione
1150 3110 1275 3176 judicum,

249 3193 318 3232 vent.
334 3199 358 3239 n,
374 3183 415 3230 ιε.
434 3179 479 3230 ubi
490 3175 650 3247 sulpiciorum¹
662 3185 736 3245 appa-
784 3177 969 3236 delediationem
980 3196 1012 3229 err
1022 3180 1176 3232 orationibus
1192 3192 1276 3250 peten-

250 3247 354 3314 urationis
372 3244 589 3323 atqucartificiosa
604 3245 738 3314 diligentia
783 3247 858 3308 tium,
878 3247 998 3304 videndus
1014 3249 1091 3302 etiam
1109 3249 1192 3304 noller
1205 3251 1234 3314 4,
1248 3269 1276 3315 a,
1308 3275 1312 3283 ·

249 3320 323 3370 vitari
340 3319 420 3384 jubet,
433 3335 489 3386 quae
506 3331 615 3367 maxime
631 3315 737 3370 orationi
786 3334 846 3368 ιη.
1211 3321 1214 3326 “

243 3389 330 3458 fidem,
342 3386 436 3438 oratori
446 3386 542 3437 adimat
552 3383 733 3437 austeritatem.
800 3387 842 3436 601
852 3385 1042 3456 dedullamtque
1049 3385 1274 3453 circumlataJUno

289 3477 333 3522 57.
352 3455 506 3525 capitalibus,
518 3464 542 3505 et
552 3453 621 3522 apud
629 3463 734 3504 centum.
783 3457 858 3506 verbo
870 3453 1025 3524 periodicas.
1045 3473 1087 3526 per
1107 3458 1218 3527 periodos
1229 3458 1273 3512 de·

245 3527 333 3592 otras]
360 3529 423 3578 Haec
442 3523 514 3578 letto
533 3523 624 3575 tuenda
642 3523 684 3588 est,
696 3523 736 3574 vel
783 3525 1273 3598 currem.Deducereadartisoperaper.

246 3609 312 3650 terte
322 3597 398 3650 altem
409 3605 437 3648 ut
452 3605 494 3660 et,
513 3613 543 3648 ne
558 3597 584 3646 in
595 3592 736 3662 opinionem
784 3593 846 3647 tinet
859 3591 1020 3648 fonnantinm
1038 3594 1133 3663 aliquid
1143 3597 1207 3646 intur
1217 3613 1271 3648 mar

246 3667 408 3728 vatianum
428 3666 461 3718 ud
474 3663 648 3716 centumviros
658 3662 734 3714 etiam
784 3679 832 3716 nur
843 3674 866 3714 et
877 3663 1036 3732 fingentium,
1049 3677 1125 3733 atque
1136 3664 1166 3715 ad
1179 3664 1270 3718 dietim

247 3753 275 3786 ca
295 3737 364 3788 italia
379 3685 483 3802 judicia,
496 3733 580 3786 caulis
606 3731 732 3800 capitales,
783 3731 1270 3802 neminderelertur,inprimisapoetir,

245 3754 292 3858 etti
306 3806 383 3865 atlas,
395 3805 464 3868 cujus
481 3803 569 3855 erroris
581 3802 732 3853 Raevanlum
782 3818 887 3868 quorum
900 3804 1010 3872 congesta
1022 3801 1076 3852 loca
1084 3801 1137 3852 vid.
1152 3819 1165 3852 a
1178 3801 1267 3856 Burm.

244 3874 424 3926 Protribumc.
440 3891 482 3924 20.
496 3871 730 3940 hiepoliulatBur-
781 3873 816 3922 ad·
832 3871 910 3923 ovid.
931 3873 998 3924 Met.
1024 3888 1092 3934 134.
1120 3870 1271 3924 Circumtzta

244 3961 358 3996 mannua.
389 3941 598 3994 Monueratidom
609 3941 728 3994 Turrem.
780 3941 905 3994 marrifeste
933 3941 965 3993 ad
994 3941 1126 3996 circuitum
1149 3939 1220 3992 illum
1244 3953 1270 3994 et
1297 3987 1299 3994 .

245 4015 370 4064 ndSueto.
388 4011 483 4082 Vespas.
504 4029 527 4064 c.
544 4029 592 4070 ¹10.
620 4013 655 4060 Et
670 4027 729 4062 cun-
780 4011 902 4062 ambitum
931 4023 1006 4079 atque
1034 4011 1118 4061 orbem
1148 4011 1270 4063 orationis

243 4081 284 4133 fici
303 4099 339 4133 res
358 4083 456 4133 videtur
473 4081 510 4133 vel
529 4097 578 4132 uno
601 4081 728 4148 Ciceronis
778 4080 892 4147 pertinet,
904 4097 980 4151 quam
993 4077 1120 4149 periodum
1136 4079 1213 4153 vulgo
1229 4081 1269 4134 di-

242 4151 298 4202 luco
313 4151 343 4202 de
355 4153 428 4202 Orat.
451 4169 476 4213 r,
489 4155 531 4216 3¹⁸·
550 4150 594 4201 ubi
605 4149 729 4200 recensum
778 4149 868 4204 timus,
964 4157 967 4164 '

239 4217 294 4290 agit
334 4221 460 4273 caularum
501 4219 726 4274 centumviralium.
