<?xml version="1.0" encoding="UTF-8"?>
<!DOCTYPE html PUBLIC "-//W3C//DTD XHTML 1.0 Transitional//EN"
    "http://www.w3.org/TR/xhtml1/DTD/xhtml1-transitional.dtd">
<html xmlns="http://www.w3.org/1999/xhtml" xml:lang="en" lang="en">
 <head>
  <title>
</title>
<meta http-equiv="Content-Type" content="text/html;charset=utf-8" />
  <meta name='ocr-system' content='tesseract 3.04.00' />
  <meta name='ocr-capabilities' content='ocr_page ocr_carea ocr_par ocr_line ocrx_word'/>
</head>
<body>
  <div class='ocr_page' id='page_1' title='image "./mfabiiquinctili00quingoog_0161.png"; bbox 0 0 3022 4920; ppageno 0'>
   <div class='ocr_carea' id='block_1_1' title="bbox 424 379 1271 465">
    <p class='ocr_par' dir='ltr' id='par_1_1' title="bbox 424 379 1271 465">
     <span class='ocr_line' id='line_1_1' title="bbox 424 379 1271 465; baseline 0.007 -26"><span class='ocrx_word' id='word_1_1' title='bbox 424 379 595 441; x_wconf 78' lang='lat' dir='ltr'>msam.</span> <span class='ocrx_word' id='word_1_2' title='bbox 622 379 828 441; x_wconf 80' lang='lat' dir='ltr'>onnroa.</span> <span class='ocrx_word' id='word_1_3' title='bbox 855 382 1070 444; x_wconf 70' lang='lat' dir='ltr'>ararnio.</span> <span class='ocrx_word' id='word_1_4' title='bbox 1216 399 1271 465; x_wconf 79' lang='lat'>107</span> 
     </span>
    </p>
   </div>
   <div class='ocr_carea' id='block_1_2' title="bbox 128 541 1507 3112">
    <p class='ocr_par' dir='ltr' id='par_1_2' title="bbox 128 541 1377 1573">
     <span class='ocr_line' id='line_1_2' title="bbox 128 541 1277 634; baseline 0.007 -27"><span class='ocrx_word' id='word_1_5' title='bbox 128 565 136 580; x_wconf 86' lang='lat'><strong>·</strong></span> <span class='ocrx_word' id='word_1_6' title='bbox 244 563 340 630; x_wconf 87' lang='lat' dir='ltr'>quam</span> <span class='ocrx_word' id='word_1_7' title='bbox 355 541 419 630; x_wconf 78' lang='lat' dir='ltr'>ipsa</span> <span class='ocrx_word' id='word_1_8' title='bbox 434 543 533 610; x_wconf 86' lang='lat' dir='ltr'>studia</span> <span class='ocrx_word' id='word_1_9' title='bbox 546 556 675 610; x_wconf 86' lang='lat' dir='ltr'>ament:</span> <span class='ocrx_word' id='word_1_10' title='bbox 699 557 732 610; x_wconf 87' lang='lat' dir='ltr'>et</span> <span class='ocrx_word' id='word_1_11' title='bbox 745 557 892 632; x_wconf 88' lang='lat' dir='ltr'>parentes</span> <span class='ocrx_word' id='word_1_12' title='bbox 905 545 965 612; x_wconf 84' lang='lat' dir='ltr'>esse</span> <span class='ocrx_word' id='word_1_13' title='bbox 978 568 1043 612; x_wconf 91' lang='lat' dir='ltr'>non</span> <span class='ocrx_word' id='word_1_14' title='bbox 1057 543 1188 634; x_wconf 88' lang='lat' dir='ltr'>quidem</span> <span class='ocrx_word' id='word_1_15' title='bbox 1203 571 1277 614; x_wconf 86' lang='lat' dir='ltr'>cor·</span> 
     </span>
     <span class='ocr_line' id='line_1_3' title="bbox 209 624 1377 734; baseline 0.007 -41"><span class='ocrx_word' id='word_1_16' title='bbox 209 638 368 714; x_wconf 80' lang='lat' dir='ltr'>2porunr,</span> <span class='ocrx_word' id='word_1_17' title='bbox 384 629 438 694; x_wconf 91' lang='lat' dir='ltr'>sed</span> <span class='ocrx_word' id='word_1_18' title='bbox 462 631 618 696; x_wconf 84' lang='lat' dir='ltr'>mentium</span> <span class='ocrx_word' id='word_1_19' title='bbox 635 630 777 696; x_wconf 80' lang='lat' dir='ltr'>credant.</span> <span class='ocrx_word' id='word_1_20' title='bbox 821 632 966 696; x_wconf 88' lang='lat' dir='ltr'>Multum</span> <span class='ocrx_word' id='word_1_21' title='bbox 989 632 1060 698; x_wconf 89' lang='lat' dir='ltr'>haec</span> <span class='ocrx_word' id='word_1_22' title='bbox 1081 634 1182 734; x_wconf 86' lang='lat' dir='ltr'>pietas</span> <span class='ocrx_word' id='word_1_23' title='bbox 1196 658 1275 700; x_wconf 86' lang='lat' dir='ltr'>con·</span> <span class='ocrx_word' id='word_1_24' title='bbox 1373 624 1377 637; x_wconf 59' lang='lat'><strong>¹</strong></span> 
     </span>
     <span class='ocr_line' id='line_1_4' title="bbox 241 713 1275 802; baseline 0.009 -24"><span class='ocrx_word' id='word_1_25' title='bbox 241 713 302 778; x_wconf 87' lang='lat' dir='ltr'>fert</span> <span class='ocrx_word' id='word_1_26' title='bbox 317 713 440 779; x_wconf 81' lang='lat' dir='ltr'>studio:</span> <span class='ocrx_word' id='word_1_27' title='bbox 465 723 538 780; x_wconf 87' lang='lat' dir='ltr'>na&#39;rn</span> <span class='ocrx_word' id='word_1_28' title='bbox 554 717 600 782; x_wconf 90' lang='lat' dir='ltr'>ita</span> <span class='ocrx_word' id='word_1_29' title='bbox 613 731 647 788; x_wconf 83' lang='lat' dir='ltr'>et</span> <span class='ocrx_word' id='word_1_30' title='bbox 660 716 798 781; x_wconf 84' lang='lat' dir='ltr'><strong>libenter</strong></span> <span class='ocrx_word' id='word_1_31' title='bbox 812 718 955 796; x_wconf 90' lang='lat' dir='ltr'>audient,</span> <span class='ocrx_word' id='word_1_32' title='bbox 971 731 1004 782; x_wconf 88' lang='lat' dir='ltr'>ct</span> <span class='ocrx_word' id='word_1_33' title='bbox 1018 718 1113 784; x_wconf 74' lang='lat' dir='ltr'>dictis</span> <span class='ocrx_word' id='word_1_34' title='bbox 1130 721 1275 802; x_wconf 90' lang='lat' dir='ltr'>credent,</span> 
     </span>
     <span class='ocr_line' id='line_1_5' title="bbox 241 800 1274 892; baseline 0.01 -30"><span class='ocrx_word' id='word_1_35' title='bbox 241 811 275 862; x_wconf 91' lang='lat' dir='ltr'>et</span> <span class='ocrx_word' id='word_1_36' title='bbox 289 800 350 865; x_wconf 85' lang='lat' dir='ltr'>csse</span> <span class='ocrx_word' id='word_1_37' title='bbox 365 800 479 866; x_wconf 79' lang='lat' dir='ltr'>similes</span> <span class='ocrx_word' id='word_1_38' title='bbox 493 802 737 888; x_wconf 88' lang='lat' dir='ltr'>concupiscent:</span> <span class='ocrx_word' id='word_1_39' title='bbox 762 804 794 866; x_wconf 90' lang='lat' dir='ltr'>in</span> <span class='ocrx_word' id='word_1_40' title='bbox 815 803 896 888; x_wconf 89' lang='lat' dir='ltr'>ipsos</span> <span class='ocrx_word' id='word_1_41' title='bbox 911 804 1050 892; x_wconf 88' lang='lat' dir='ltr'>denique</span> <span class='ocrx_word' id='word_1_42' title='bbox 1065 818 1167 875; x_wconf 83' lang='lat' dir='ltr'>coetus</span> <span class='ocrx_word' id='word_1_43' title='bbox 1181 807 1274 872; x_wconf 84' lang='lat' dir='ltr'>scho-</span> 
     </span>
     <span class='ocr_line' id='line_1_6' title="bbox 241 883 1274 956; baseline 0.008 -8"><span class='ocrx_word' id='word_1_44' title='bbox 241 883 370 950; x_wconf 80' lang='lat' dir='ltr'>larumq</span> <span class='ocrx_word' id='word_1_45' title='bbox 384 887 452 951; x_wconf 89' lang='lat' dir='ltr'>laeti</span> <span class='ocrx_word' id='word_1_46' title='bbox 467 903 499 952; x_wconf 91' lang='lat' dir='ltr'>et</span> <span class='ocrx_word' id='word_1_47' title='bbox 513 889 631 954; x_wconf 75' lang='lat' dir='ltr'>alacres</span> <span class='ocrx_word' id='word_1_48' title='bbox 647 889 858 952; x_wconf 84' lang='lat' dir='ltr'>convenient:</span> <span class='ocrx_word' id='word_1_49' title='bbox 882 890 1042 954; x_wconf 88' lang='lat' dir='ltr'>emendati</span> <span class='ocrx_word' id='word_1_50' title='bbox 1060 913 1122 954; x_wconf 92' lang='lat' dir='ltr'>non</span> <span class='ocrx_word' id='word_1_51' title='bbox 1139 891 1274 956; x_wconf 85' lang='lat' dir='ltr'>irascen-</span> 
     </span>
     <span class='ocr_line' id='line_1_7' title="bbox 241 969 1274 1060; baseline 0.008 -26"><span class='ocrx_word' id='word_1_52' title='bbox 241 983 306 1050; x_wconf 90' lang='lat' dir='ltr'>tur,</span> <span class='ocrx_word' id='word_1_53' title='bbox 322 971 444 1036; x_wconf 90' lang='lat' dir='ltr'>laudati</span> <span class='ocrx_word' id='word_1_54' title='bbox 459 974 665 1060; x_wconf 82' lang='lat' dir='ltr'>gaudebunt:</span> <span class='ocrx_word' id='word_1_55' title='bbox 689 987 728 1037; x_wconf 92' lang='lat' dir='ltr'>ut</span> <span class='ocrx_word' id='word_1_56' title='bbox 742 969 800 1037; x_wconf 90' lang='lat' dir='ltr'>smt</span> <span class='ocrx_word' id='word_1_57' title='bbox 816 975 972 1054; x_wconf 81' lang='lat' dir='ltr'>carissimi,</span> <span class='ocrx_word' id='word_1_58' title='bbox 989 975 1089 1040; x_wconf 88' lang='lat' dir='ltr'>studio</span> <span class='ocrx_word' id='word_1_59' title='bbox 1104 978 1274 1042; x_wconf 83' lang='lat' dir='ltr'>merebun-</span> 
     </span>
     <span class='ocr_line' id='line_1_8' title="bbox 206 1058 1285 1149; baseline 0.006 -29"><span class='ocrx_word' id='word_1_60' title='bbox 206 1065 226 1134; x_wconf 83' lang='grc'>3</span> <span class='ocrx_word' id='word_1_61' title='bbox 243 1067 305 1121; x_wconf 90' lang='lat' dir='ltr'>tur.</span> <span class='ocrx_word' id='word_1_62' title='bbox 350 1059 439 1122; x_wconf 90' lang='lat' dir='ltr'>Nam</span> <span class='ocrx_word' id='word_1_63' title='bbox 453 1073 491 1123; x_wconf 90' lang='lat' dir='ltr'>ut</span> <span class='ocrx_word' id='word_1_64' title='bbox 508 1059 637 1124; x_wconf 90' lang='lat' dir='ltr'>illorum</span> <span class='ocrx_word' id='word_1_65' title='bbox 652 1058 793 1124; x_wconf 89' lang='lat' dir='ltr'>officium</span> <span class='ocrx_word' id='word_1_66' title='bbox 808 1061 850 1126; x_wconf 85' lang='lat' dir='ltr'>esi</span> <span class='ocrx_word' id='word_1_67' title='bbox 865 1061 990 1139; x_wconf 74' lang='lat' dir='ltr'>doc&#39;ere,</span> <span class='ocrx_word' id='word_1_68' title='bbox 1007 1059 1047 1128; x_wconf 86' lang='lat' dir='ltr'>fic</span> <span class='ocrx_word' id='word_1_69' title='bbox 1061 1061 1175 1125; x_wconf 89' lang='lat' dir='ltr'>horum</span> <span class='ocrx_word' id='word_1_70' title='bbox 1190 1061 1285 1149; x_wconf 53' lang='lat' dir='ltr'>prae?</span> 
     </span>
     <span class='ocr_line' id='line_1_9' title="bbox 242 1141 1276 1232; baseline 0.007 -26"><span class='ocrx_word' id='word_1_71' title='bbox 242 1141 317 1206; x_wconf 62' lang='lat' dir='ltr'>bete</span> <span class='ocrx_word' id='word_1_72' title='bbox 331 1143 361 1207; x_wconf 88' lang='lat' dir='ltr'>se</span> <span class='ocrx_word' id='word_1_73' title='bbox 377 1144 514 1210; x_wconf 89' lang='lat' dir='ltr'>dociles:</span> <span class='ocrx_word' id='word_1_74' title='bbox 538 1145 657 1232; x_wconf 86' lang='lat' dir='ltr'>alioqui</span> <span class='ocrx_word' id='word_1_75' title='bbox 673 1157 822 1210; x_wconf 88' lang='lat' dir='ltr'>neutrum</span> <span class='ocrx_word' id='word_1_76' title='bbox 840 1145 904 1209; x_wconf 89' lang='lat' dir='ltr'>fine</span> <span class='ocrx_word' id='word_1_77' title='bbox 919 1145 1037 1210; x_wconf 74' lang='lat' dir='ltr'>altero¹</span> <span class='ocrx_word' id='word_1_78' title='bbox 1053 1146 1198 1212; x_wconf 85' lang='lat' dir='ltr'>sufficiet.</span> <span class='ocrx_word' id='word_1_79' title='bbox 1232 1151 1276 1213; x_wconf 91' lang='lat' dir='ltr'>Et</span> 
     </span>
     <span class='ocr_line' id='line_1_10' title="bbox 244 1229 1275 1321; baseline 0.006 -30"><span class='ocrx_word' id='word_1_80' title='bbox 244 1247 359 1293; x_wconf 76' lang='lat' dir='ltr'>arona</span> <span class='ocrx_word' id='word_1_81' title='bbox 375 1229 516 1296; x_wconf 89' lang='lat' dir='ltr'>hominis</span> <span class='ocrx_word' id='word_1_82' title='bbox 537 1246 627 1296; x_wconf 91' lang='lat' dir='ltr'>ortus</span> <span class='ocrx_word' id='word_1_83' title='bbox 649 1253 689 1295; x_wconf 89' lang='lat' dir='ltr'>ex</span> <span class='ocrx_word' id='word_1_84' title='bbox 707 1244 846 1316; x_wconf 87' lang='lat' dir='ltr'>utroque</span> <span class='ocrx_word' id='word_1_85' title='bbox 871 1231 1076 1321; x_wconf 69' lang='lat' dir='ltr'>gigneqtiqrn</span> <span class='ocrx_word' id='word_1_86' title='bbox 1099 1232 1275 1315; x_wconf 90' lang='lat' dir='ltr'>confertur,</span> 
     </span>
     <span class='ocr_line' id='line_1_11' title="bbox 241 1313 1275 1401; baseline 0.003 -21"><span class='ocrx_word' id='word_1_87' title='bbox 241 1327 275 1380; x_wconf 92' lang='lat' dir='ltr'>et</span> <span class='ocrx_word' id='word_1_88' title='bbox 287 1313 427 1378; x_wconf 86' lang='lat' dir='ltr'>frustras</span> <span class='ocrx_word' id='word_1_89' title='bbox 445 1317 552 1382; x_wconf 83' lang='lat' dir='ltr'>arseris</span> <span class='ocrx_word' id='word_1_90' title='bbox 566 1317 696 1395; x_wconf 88' lang='lat' dir='ltr'>semina,</span> <span class='ocrx_word' id='word_1_91' title='bbox 713 1316 767 1380; x_wconf 81' lang='lat' dir='ltr'>nist</span> <span class='ocrx_word' id='word_1_92' title='bbox 784 1315 838 1380; x_wconf 92' lang='lat' dir='ltr'>illa</span> <span class='ocrx_word' id='word_1_93' title='bbox 852 1315 1060 1401; x_wconf 72' lang='lat' dir='ltr'>pi‘aeniollitus</span> <span class='ocrx_word' id='word_1_94' title='bbox 1075 1317 1190 1381; x_wconf 86' lang='lat' dir='ltr'>foverit</span> <span class='ocrx_word' id='word_1_95' title='bbox 1210 1319 1275 1383; x_wconf 85' lang='lat' dir='ltr'>sui-</span> 
     </span>
     <span class='ocr_line' id='line_1_12' title="bbox 241 1339 1276 1488; baseline 0.004 -24"><span class='ocrx_word' id='word_1_96' title='bbox 241 1422 316 1464; x_wconf 86' lang='lat' dir='ltr'>ous:</span> <span class='ocrx_word' id='word_1_97' title='bbox 341 1401 386 1465; x_wconf 93' lang='lat' dir='ltr'>ita</span> <span class='ocrx_word' id='word_1_98' title='bbox 400 1339 584 1487; x_wconf 78' lang='lat' dir='ltr'>esdquentia</span> <span class='ocrx_word' id='word_1_99' title='bbox 598 1401 771 1466; x_wconf 84' lang='lat' dir='ltr'>coalescere</span> <span class='ocrx_word' id='word_1_100' title='bbox 785 1401 906 1488; x_wconf 89' lang='lat' dir='ltr'>nequit,</span> <span class='ocrx_word' id='word_1_101' title='bbox 922 1402 977 1466; x_wconf 91' lang='lat' dir='ltr'>nisr</span> <span class='ocrx_word' id='word_1_102' title='bbox 992 1403 1108 1466; x_wconf 88' lang='lat' dir='ltr'>sociata</span> <span class='ocrx_word' id='word_1_103' title='bbox 1121 1403 1276 1468; x_wconf 75' lang='lat' dir='ltr'>tradentis</span> 
     </span>
     <span class='ocr_line' id='line_1_13' title="bbox 240 1486 684 1573; baseline 0 -21"><span class='ocrx_word' id='word_1_104' title='bbox 240 1487 308 1552; x_wconf 80' lang='lat' dir='ltr'>acci</span> <span class='ocrx_word' id='word_1_105' title='bbox 333 1486 487 1573; x_wconf 76' lang='lat' dir='ltr'>lentisque</span> <span class='ocrx_word' id='word_1_106' title='bbox 501 1487 684 1554; x_wconf 88' lang='lat' dir='ltr'>concordia.</span> 
     </span>
    </p>

    <p class='ocr_par' dir='ltr' id='par_1_3' title="bbox 240 1571 1507 2087">
     <span class='ocr_line' id='line_1_14' title="bbox 320 1571 1277 1661; baseline 0.001 -25"><span class='ocrx_word' id='word_1_107' title='bbox 320 1620 327 1636; x_wconf 91' lang='lat'>.</span> <span class='ocrx_word' id='word_1_108' title='bbox 355 1573 447 1656; x_wconf 86' lang='lat' dir='ltr'>(XI.)</span> <span class='ocrx_word' id='word_1_109' title='bbox 472 1575 509 1636; x_wconf 86' lang='lat' dir='ltr'>ln</span> <span class='ocrx_word' id='word_1_110' title='bbox 533 1573 583 1637; x_wconf 89' lang='lat' dir='ltr'>his</span> <span class='ocrx_word' id='word_1_111' title='bbox 606 1571 718 1661; x_wconf 83' lang='lat' dir='ltr'>primis</span> <span class='ocrx_word' id='word_1_112' title='bbox 739 1572 899 1656; x_wconf 81' lang='lat' dir='ltr'>operibus,</span> <span class='ocrx_word' id='word_1_113' title='bbox 919 1595 994 1659; x_wconf 87' lang='lat' dir='ltr'>quae</span> <span class='ocrx_word' id='word_1_114' title='bbox 1013 1595 1076 1636; x_wconf 93' lang='lat' dir='ltr'>non</span> <span class='ocrx_word' id='word_1_115' title='bbox 1096 1572 1160 1659; x_wconf 91' lang='lat' dir='ltr'>ipsa</span> <span class='ocrx_word' id='word_1_116' title='bbox 1180 1595 1277 1658; x_wconf 88' lang='lat' dir='ltr'>parva</span> 
     </span>
     <span class='ocr_line' id='line_1_15' title="bbox 240 1657 1384 1744; baseline -0.007 -18"><span class='ocrx_word' id='word_1_117' title='bbox 240 1657 326 1736; x_wconf 88' lang='lat' dir='ltr'>sunt,</span> <span class='ocrx_word' id='word_1_118' title='bbox 341 1657 394 1725; x_wconf 88' lang='lat' dir='ltr'>sed</span> <span class='ocrx_word' id='word_1_119' title='bbox 407 1657 564 1744; x_wconf 87' lang='lat' dir='ltr'>majorum</span> <span class='ocrx_word' id='word_1_120' title='bbox 579 1659 664 1744; x_wconf 76' lang='lat' dir='ltr'>&#39;quast</span> <span class='ocrx_word' id='word_1_121' title='bbox 680 1658 825 1722; x_wconf 85' lang='lat' dir='ltr'>membra</span> <span class='ocrx_word' id='word_1_122' title='bbox 839 1671 934 1742; x_wconf 88' lang='lat' dir='ltr'>atque</span> <span class='ocrx_word' id='word_1_123' title='bbox 956 1676 1072 1744; x_wconf 88' lang='lat' dir='ltr'>partes,</span> <span class='ocrx_word' id='word_1_124' title='bbox 1088 1659 1169 1723; x_wconf 92' lang='lat' dir='ltr'>bene</span> <span class='ocrx_word' id='word_1_125' title='bbox 1186 1660 1274 1722; x_wconf 79' lang='lat' dir='ltr'>insti.</span> <span class='ocrx_word' id='word_1_126' title='bbox 1360 1727 1384 1740; x_wconf 63' lang='lat'>„.</span> 
     </span>
     <span class='ocr_line' id='line_1_16' title="bbox 241 1743 1429 1832; baseline 0.002 -26"><span class='ocrx_word' id='word_1_127' title='bbox 241 1755 325 1823; x_wconf 90' lang='lat' dir='ltr'>tuto,</span> <span class='ocrx_word' id='word_1_128' title='bbox 342 1765 379 1806; x_wconf 90' lang='lat' dir='ltr'>ac</span> <span class='ocrx_word' id='word_1_129' title='bbox 400 1743 474 1807; x_wconf 86' lang='lat' dir='ltr'>satis</span> <span class='ocrx_word' id='word_1_130' title='bbox 494 1743 759 1832; x_wconf 87' lang='lat' dir='ltr'>exercitat0,jam</span> <span class='ocrx_word' id='word_1_131' title='bbox 775 1743 841 1806; x_wconf 85' lang='lat' dir='ltr'>fere</span> <span class='ocrx_word' id='word_1_132' title='bbox 862 1755 988 1829; x_wconf 87' lang='lat' dir='ltr'>tempus</span> <span class='ocrx_word' id='word_1_133' title='bbox 1010 1756 1137 1829; x_wconf 88' lang='lat' dir='ltr'>appetet</span> <span class='ocrx_word' id='word_1_134' title='bbox 1158 1757 1277 1832; x_wconf 78' lang='lat' dir='ltr'>aggre-</span> <span class='ocrx_word' id='word_1_135' title='bbox 1292 1760 1369 1809; x_wconf 60' lang='lat' dir='ltr'>aar!</span> <span class='ocrx_word' id='word_1_136' title='bbox 1397 1749 1429 1784; x_wconf 29' lang='grc' dir='ltr'>Τ</span> 
     </span>
     <span class='ocr_line' id='line_1_17' title="bbox 241 1823 1507 1917; baseline 0.001 -25"><span class='ocrx_word' id='word_1_137' title='bbox 241 1827 349 1893; x_wconf 90' lang='lat' dir='ltr'>diendi</span> <span class='ocrx_word' id='word_1_138' title='bbox 364 1827 512 1898; x_wconf 88' lang='lat' dir='ltr'>suasorias</span> <span class='ocrx_word' id='word_1_139' title='bbox 521 1829 750 1917; x_wconf 88' lang='lat' dir='ltr'>judiciaicsque</span> <span class='ocrx_word' id='word_1_140' title='bbox 764 1829 929 1892; x_wconf 88' lang='lat' dir='ltr'>materias:</span> <span class='ocrx_word' id='word_1_141' title='bbox 953 1851 1087 1914; x_wconf 90' lang='lat' dir='ltr'>quarum</span> <span class='ocrx_word' id='word_1_142' title='bbox 1103 1842 1277 1917; x_wconf 84' lang='lat' dir='ltr'>antequam</span> <span class='ocrx_word' id='word_1_143' title='bbox 1402 1824 1406 1832; x_wconf 78' lang='grc'><em>’</em></span> <span class='ocrx_word' id='word_1_144' title='bbox 1499 1823 1507 1840; x_wconf 61' lang='grc'><strong>”</strong></span> 
     </span>
     <span class='ocr_line' id='line_1_18' title="bbox 240 1913 1364 2002; baseline 0.001 -23"><span class='ocrx_word' id='word_1_145' title='bbox 240 1915 327 1980; x_wconf 83' lang='lat' dir='ltr'>riam</span> <span class='ocrx_word' id='word_1_146' title='bbox 348 1915 512 2002; x_wconf 83' lang='lat' dir='ltr'>ingredior</span> <span class='ocrx_word' id='word_1_147' title='bbox 524 1928 546 1993; x_wconf 80' lang='lat'>³,</span> <span class='ocrx_word' id='word_1_148' title='bbox 562 1937 663 2002; x_wconf 89' lang='lat' dir='ltr'>pauca</span> <span class='ocrx_word' id='word_1_149' title='bbox 683 1913 766 1978; x_wconf 90' lang='lat' dir='ltr'>mihi</span> <span class='ocrx_word' id='word_1_150' title='bbox 789 1914 830 1979; x_wconf 90' lang='lat' dir='ltr'>de</span> <span class='ocrx_word' id='word_1_151' title='bbox 849 1914 913 2000; x_wconf 90' lang='lat' dir='ltr'>ipsa</span> <span class='ocrx_word' id='word_1_152' title='bbox 932 1914 1131 1990; x_wconf 88' lang='lat' dir='ltr'>declamandi</span> <span class='ocrx_word' id='word_1_153' title='bbox 1154 1916 1278 1982; x_wconf 85' lang='lat' dir='ltr'>ratione</span> <span class='ocrx_word' id='word_1_154' title='bbox 1359 1957 1364 1966; x_wconf 86' lang='lat'>·</span> 
     </span>
     <span class='ocr_line' id='line_1_19' title="bbox 241 1998 1277 2087; baseline 0 -23"><span class='ocrx_word' id='word_1_155' title='bbox 241 1998 380 2064; x_wconf 88' lang='lat' dir='ltr'>dicenda</span> <span class='ocrx_word' id='word_1_156' title='bbox 399 2001 489 2066; x_wconf 87' lang='lat' dir='ltr'>sunt:</span> <span class='ocrx_word' id='word_1_157' title='bbox 513 2023 586 2087; x_wconf 87' lang='lat' dir='ltr'>quae</span> <span class='ocrx_word' id='word_1_158' title='bbox 607 1999 751 2086; x_wconf 89' lang='lat' dir='ltr'>quidem,</span> <span class='ocrx_word' id='word_1_159' title='bbox 765 2012 803 2064; x_wconf 91' lang='lat' dir='ltr'>ut</span> <span class='ocrx_word' id='word_1_160' title='bbox 817 2021 855 2064; x_wconf 86' lang='lat' dir='ltr'>ex</span> <span class='ocrx_word' id='word_1_161' title='bbox 874 2000 1026 2064; x_wconf 85' lang='lat' dir='ltr'>omnibus</span> <span class='ocrx_word' id='word_1_162' title='bbox 1043 1999 1204 2064; x_wconf 78' lang='lat' dir='ltr'>novissime</span> <span class='ocrx_word' id='word_1_163' title='bbox 1225 2001 1277 2064; x_wconf 91' lang='lat' dir='ltr'>in-</span> 
     </span>
    </p>

    <p class='ocr_par' dir='ltr' id='par_1_4' title="bbox 209 2085 1294 2602">
     <span class='ocr_line' id='line_1_20' title="bbox 209 2085 1278 2166; baseline 0 -16"><span class='ocrx_word' id='word_1_164' title='bbox 209 2089 348 2166; x_wconf 77' lang='lat' dir='ltr'>2venta,</span> <span class='ocrx_word' id='word_1_165' title='bbox 364 2087 408 2152; x_wconf 89' lang='lat' dir='ltr'>ita</span> <span class='ocrx_word' id='word_1_166' title='bbox 422 2087 527 2152; x_wconf 92' lang='lat' dir='ltr'>multo</span> <span class='ocrx_word' id='word_1_167' title='bbox 547 2089 608 2151; x_wconf 73' lang='lat' dir='ltr'>esit</span> <span class='ocrx_word' id='word_1_168' title='bbox 621 2086 807 2152; x_wconf 75' lang='lat' dir='ltr'>,utiiiffima</span> <span class='ocrx_word' id='word_1_169' title='bbox 850 2087 937 2149; x_wconf 90' lang='lat' dir='ltr'>Nam</span> <span class='ocrx_word' id='word_1_170' title='bbox 960 2099 994 2148; x_wconf 92' lang='lat' dir='ltr'>et</span> <span class='ocrx_word' id='word_1_171' title='bbox 1015 2086 1131 2150; x_wconf 73' lang='lat' dir='ltr'>cundia</span> <span class='ocrx_word' id='word_1_172' title='bbox 1151 2085 1219 2166; x_wconf 89' lang='lat' dir='ltr'>illa,</span> <span class='ocrx_word' id='word_1_173' title='bbox 1236 2085 1278 2150; x_wconf 84' lang='lat' dir='ltr'>dc</span> 
     </span>
     <span class='ocr_line' id='line_1_21' title="bbox 242 2169 1277 2261; baseline -0.001 -25"><span class='ocrx_word' id='word_1_174' title='bbox 242 2171 360 2261; x_wconf 86' lang='lat' dir='ltr'>quibus</span> <span class='ocrx_word' id='word_1_175' title='bbox 377 2172 516 2238; x_wconf 87' lang='lat' dir='ltr'>diximus</span> <span class='ocrx_word' id='word_1_176' title='bbox 527 2184 551 2254; x_wconf 80' lang='lat'>⁰,</span> <span class='ocrx_word' id='word_1_177' title='bbox 567 2173 600 2236; x_wconf 93' lang='lat' dir='ltr'>in</span> <span class='ocrx_word' id='word_1_178' title='bbox 616 2173 646 2236; x_wconf 92' lang='lat' dir='ltr'>se</span> <span class='ocrx_word' id='word_1_179' title='bbox 661 2171 728 2234; x_wconf 88' lang='lat' dir='ltr'>fere</span> <span class='ocrx_word' id='word_1_180' title='bbox 742 2169 896 2248; x_wconf 89' lang='lat' dir='ltr'>continet,</span> <span class='ocrx_word' id='word_1_181' title='bbox 911 2184 945 2234; x_wconf 92' lang='lat' dir='ltr'>et</span> <span class='ocrx_word' id='word_1_182' title='bbox 961 2171 1085 2234; x_wconf 87' lang='lat' dir='ltr'>veritati</span> <span class='ocrx_word' id='word_1_183' title='bbox 1100 2172 1277 2257; x_wconf 86' lang='lat' dir='ltr'>proximam</span> 
     </span>
     <span class='ocr_line' id='line_1_22' title="bbox 241 2253 1294 2345; baseline 0 -22"><span class='ocrx_word' id='word_1_184' title='bbox 241 2257 417 2345; x_wconf 84' lang='lat' dir='ltr'>imaginem</span> <span class='ocrx_word' id='word_1_185' title='bbox 436 2256 561 2322; x_wconf 83' lang='lat' dir='ltr'>reddit:</span> <span class='ocrx_word' id='word_1_186' title='bbox 584 2258 722 2344; x_wconf 84' lang='lat' dir='ltr'>ideoque</span> <span class='ocrx_word' id='word_1_187' title='bbox 744 2257 791 2320; x_wconf 87' lang='lat' dir='ltr'>ita</span> <span class='ocrx_word' id='word_1_188' title='bbox 814 2253 856 2321; x_wconf 85' lang='lat' dir='ltr'>esi</span> <span class='ocrx_word' id='word_1_189' title='bbox 876 2255 1045 2334; x_wconf 89' lang='lat' dir='ltr'>celebrata,</span> <span class='ocrx_word' id='word_1_190' title='bbox 1061 2271 1098 2320; x_wconf 89' lang='lat' dir='ltr'>ut</span> <span class='ocrx_word' id='word_1_191' title='bbox 1121 2256 1294 2345; x_wconf 69' lang='lat' dir='ltr'>plerisque⁴</span> 
     </span>
     <span class='ocr_line' id='line_1_23' title="bbox 241 2341 1277 2430; baseline 0.004 -25"><span class='ocrx_word' id='word_1_192' title='bbox 241 2343 404 2410; x_wconf 85' lang='lat' dir='ltr'>videretur</span> <span class='ocrx_word' id='word_1_193' title='bbox 426 2343 468 2407; x_wconf 87' lang='lat' dir='ltr'>ad</span> <span class='ocrx_word' id='word_1_194' title='bbox 489 2342 692 2410; x_wconf 78' lang='lat' dir='ltr'>formandam</span> <span class='ocrx_word' id='word_1_195' title='bbox 718 2341 933 2430; x_wconf 85' lang='lat' dir='ltr'>eloquentiam</span> <span class='ocrx_word' id='word_1_196' title='bbox 960 2341 1010 2404; x_wconf 89' lang='lat' dir='ltr'>vel</span> <span class='ocrx_word' id='word_1_197' title='bbox 1036 2341 1101 2405; x_wconf 91' lang='lat' dir='ltr'>sola</span> <span class='ocrx_word' id='word_1_198' title='bbox 1125 2343 1277 2410; x_wconf 87' lang='lat' dir='ltr'>sufficere.</span> 
     </span>
     <span class='ocr_line' id='line_1_24' title="bbox 240 2427 1277 2514; baseline 0 -23"><span class='ocrx_word' id='word_1_199' title='bbox 240 2428 361 2514; x_wconf 86' lang='lat' dir='ltr'>Neque</span> <span class='ocrx_word' id='word_1_200' title='bbox 375 2429 461 2493; x_wconf 90' lang='lat' dir='ltr'>enirn</span> <span class='ocrx_word' id='word_1_201' title='bbox 477 2428 577 2496; x_wconf 89' lang='lat' dir='ltr'>virtus</span> <span class='ocrx_word' id='word_1_202' title='bbox 593 2428 658 2496; x_wconf 85' lang='lat' dir='ltr'>ulla</span> <span class='ocrx_word' id='word_1_203' title='bbox 672 2441 833 2514; x_wconf 88' lang='lat' dir='ltr'>perpetuae</span> <span class='ocrx_word' id='word_1_204' title='bbox 847 2427 1003 2491; x_wconf 84' lang='lat' dir='ltr'>duntaxat</span> <span class='ocrx_word' id='word_1_205' title='bbox 1018 2427 1171 2492; x_wconf 86' lang='lat' dir='ltr'>orationis</span> <span class='ocrx_word' id='word_1_206' title='bbox 1186 2449 1277 2514; x_wconf 89' lang='lat' dir='ltr'>repe-</span> 
     </span>
     <span class='ocr_line' id='line_1_25' title="bbox 241 2511 1277 2602; baseline 0 -26"><span class='ocrx_word' id='word_1_207' title='bbox 241 2513 296 2577; x_wconf 90' lang='lat' dir='ltr'>riri</span> <span class='ocrx_word' id='word_1_208' title='bbox 311 2515 423 2600; x_wconf 81' lang='lat' dir='ltr'>potest,</span> <span class='ocrx_word' id='word_1_209' title='bbox 432 2535 505 2602; x_wconf 89' lang='lat' dir='ltr'>quae</span> <span class='ocrx_word' id='word_1_210' title='bbox 521 2533 585 2579; x_wconf 91' lang='lat' dir='ltr'>non</span> <span class='ocrx_word' id='word_1_211' title='bbox 601 2514 637 2578; x_wconf 79' lang='lat' dir='ltr'>stt</span> <span class='ocrx_word' id='word_1_212' title='bbox 650 2535 725 2578; x_wconf 89' lang='lat' dir='ltr'>cum</span> <span class='ocrx_word' id='word_1_213' title='bbox 740 2515 800 2576; x_wconf 90' lang='lat' dir='ltr'>hac</span> <span class='ocrx_word' id='word_1_214' title='bbox 816 2513 946 2576; x_wconf 89' lang='lat' dir='ltr'>dicendi</span> <span class='ocrx_word' id='word_1_215' title='bbox 961 2511 1171 2576; x_wconf 89' lang='lat' dir='ltr'>meditatione</span> <span class='ocrx_word' id='word_1_216' title='bbox 1186 2535 1277 2576; x_wconf 91' lang='lat' dir='ltr'>com-</span> 
     </span>
    </p>

    <p class='ocr_par' dir='ltr' id='par_1_5' title="bbox 207 2585 1279 2858">
     <span class='ocr_line' id='line_1_26' title="bbox 207 2585 1278 2686; baseline 0.002 -24"><span class='ocrx_word' id='word_1_217' title='bbox 207 2607 228 2679; x_wconf 82' lang='lat'>3</span> <span class='ocrx_word' id='word_1_218' title='bbox 243 2599 361 2664; x_wconf 89' lang='lat' dir='ltr'>munis.</span> <span class='ocrx_word' id='word_1_219' title='bbox 406 2601 456 2662; x_wconf 87' lang='lat' dir='ltr'>Eo</span> <span class='ocrx_word' id='word_1_220' title='bbox 471 2600 601 2686; x_wconf 89' lang='lat' dir='ltr'>quidem</span> <span class='ocrx_word' id='word_1_221' title='bbox 617 2623 667 2664; x_wconf 85' lang='lat' dir='ltr'>res</span> <span class='ocrx_word' id='word_1_222' title='bbox 681 2599 735 2662; x_wconf 89' lang='lat' dir='ltr'>ista</span> <span class='ocrx_word' id='word_1_223' title='bbox 745 2611 759 2638; x_wconf 74' lang='lat'>³¹</span> <span class='ocrx_word' id='word_1_224' title='bbox 783 2598 878 2684; x_wconf 88' lang='lat' dir='ltr'>culpa</span> <span class='ocrx_word' id='word_1_225' title='bbox 892 2597 1077 2671; x_wconf 87' lang='lat' dir='ltr'>docentium</span> <span class='ocrx_word' id='word_1_226' title='bbox 1101 2585 1226 2676; x_wconf 80' lang='lat' dir='ltr'>redidit,</span> <span class='ocrx_word' id='word_1_227' title='bbox 1240 2612 1278 2664; x_wconf 85' lang='lat' dir='ltr'>ut</span> 
     </span>
     <span class='ocr_line' id='line_1_27' title="bbox 241 2683 1265 2784; baseline -0.002 -36"><span class='ocrx_word' id='word_1_228' title='bbox 241 2683 326 2748; x_wconf 90' lang='lat' dir='ltr'>inter</span> <span class='ocrx_word' id='word_1_229' title='bbox 340 2685 528 2784; x_wconf 82' lang='lat' dir='ltr'>praecipuas,</span> <span class='ocrx_word' id='word_1_230' title='bbox 545 2709 618 2775; x_wconf 84' lang='lat' dir='ltr'>quae</span> <span class='ocrx_word' id='word_1_231' title='bbox 634 2695 890 2770; x_wconf 78' lang='lat' dir='ltr'>corrumperent²</span> <span class='ocrx_word' id='word_1_232' title='bbox 905 2683 1133 2768; x_wconf 87' lang='lat' dir='ltr'>eloquentiam,</span> <span class='ocrx_word' id='word_1_233' title='bbox 1150 2683 1265 2748; x_wconf 89' lang='lat' dir='ltr'>caussas</span> 
     </span>
     <span class='ocr_line' id='line_1_28' title="bbox 242 2730 1279 2858; baseline 0 -24"><span class='ocrx_word' id='word_1_234' title='bbox 242 2769 373 2834; x_wconf 85' lang='lat' dir='ltr'>licentra</span> <span class='ocrx_word' id='word_1_235' title='bbox 387 2782 485 2858; x_wconf 88' lang='lat' dir='ltr'>atque</span> <span class='ocrx_word' id='word_1_236' title='bbox 499 2771 623 2843; x_wconf 86' lang='lat' dir='ltr'>inscitia</span> <span class='ocrx_word' id='word_1_237' title='bbox 637 2769 884 2838; x_wconf 87' lang='lat' dir='ltr'>declamantium</span> <span class='ocrx_word' id='word_1_238' title='bbox 898 2767 1006 2832; x_wconf 90' lang='lat' dir='ltr'>fuerit.</span> <span class='ocrx_word' id='word_1_239' title='bbox 1045 2769 1107 2832; x_wconf 90' lang='lat' dir='ltr'>Sed</span> <span class='ocrx_word' id='word_1_240' title='bbox 1121 2791 1171 2848; x_wconf 89' lang='lat' dir='ltr'>eo,</span> <span class='ocrx_word' id='word_1_241' title='bbox 1188 2730 1279 2854; x_wconf 87' lang='lat' dir='ltr'>quod</span> 
     </span>
    </p>

    <p class='ocr_par' dir='ltr' id='par_1_6' title="bbox 210 2853 1278 3112">
     <span class='ocr_line' id='line_1_29' title="bbox 210 2853 1278 2940; baseline -0.001 -22"><span class='ocrx_word' id='word_1_242' title='bbox 210 2863 357 2927; x_wconf 63' lang='lat' dir='ltr'>dnatura</span> <span class='ocrx_word' id='word_1_243' title='bbox 370 2855 494 2920; x_wconf 92' lang='lat' dir='ltr'>bonum</span> <span class='ocrx_word' id='word_1_244' title='bbox 513 2858 568 2935; x_wconf 89' lang='lat' dir='ltr'>est,</span> <span class='ocrx_word' id='word_1_245' title='bbox 582 2859 666 2921; x_wconf 91' lang='lat' dir='ltr'>bene</span> <span class='ocrx_word' id='word_1_246' title='bbox 681 2855 730 2919; x_wconf 91' lang='lat' dir='ltr'>uti</span> <span class='ocrx_word' id='word_1_247' title='bbox 752 2854 839 2918; x_wconf 88' lang='lat' dir='ltr'>licet.</span> <span class='ocrx_word' id='word_1_248' title='bbox 884 2853 955 2918; x_wconf 87' lang='lat' dir='ltr'>Sint</span> <span class='ocrx_word' id='word_1_249' title='bbox 969 2876 1047 2940; x_wconf 84' lang='lat' dir='ltr'>ergo</span> <span class='ocrx_word' id='word_1_250' title='bbox 1070 2867 1102 2916; x_wconf 92' lang='lat' dir='ltr'>et</span> <span class='ocrx_word' id='word_1_251' title='bbox 1118 2855 1191 2940; x_wconf 89' lang='lat' dir='ltr'>ipsae</span> <span class='ocrx_word' id='word_1_252' title='bbox 1207 2876 1278 2918; x_wconf 89' lang='lat' dir='ltr'>ma-</span> 
     </span>
     <span class='ocr_line' id='line_1_30' title="bbox 242 2937 1277 3039; baseline -0.001 -35"><span class='ocrx_word' id='word_1_253' title='bbox 242 2940 344 3020; x_wconf 82' lang='lat' dir='ltr'>teriae,</span> <span class='ocrx_word' id='word_1_254' title='bbox 359 2963 432 3039; x_wconf 82' lang='lat' dir='ltr'>quae</span> <span class='ocrx_word' id='word_1_255' title='bbox 453 2941 626 3030; x_wconf 82' lang='lat' dir='ltr'>fingentur,</span> <span class='ocrx_word' id='word_1_256' title='bbox 642 2963 740 3027; x_wconf 91' lang='lat' dir='ltr'>quam</span> <span class='ocrx_word' id='word_1_257' title='bbox 762 2937 928 3002; x_wconf 89' lang='lat' dir='ltr'>fimillimae</span> <span class='ocrx_word' id='word_1_258' title='bbox 955 2938 1096 3002; x_wconf 90' lang='lat' dir='ltr'>veritati:</span> <span class='ocrx_word' id='word_1_259' title='bbox 1121 2954 1155 3002; x_wconf 92' lang='lat' dir='ltr'>et</span> <span class='ocrx_word' id='word_1_260' title='bbox 1169 2939 1277 3004; x_wconf 90' lang='lat' dir='ltr'>decla-</span> 
     </span>
     <span class='ocr_line' id='line_1_31' title="bbox 243 3024 1278 3112; baseline 0 -22"><span class='ocrx_word' id='word_1_261' title='bbox 243 3025 355 3106; x_wconf 89' lang='lat' dir='ltr'>matio,</span> <span class='ocrx_word' id='word_1_262' title='bbox 370 3049 404 3097; x_wconf 88' lang='lat' dir='ltr'>rn</span> <span class='ocrx_word' id='word_1_263' title='bbox 426 3041 583 3112; x_wconf 88' lang='lat' dir='ltr'>quantum</span> <span class='ocrx_word' id='word_1_264' title='bbox 598 3027 738 3090; x_wconf 82' lang='lat' dir='ltr'>maxime</span> <span class='ocrx_word' id='word_1_265' title='bbox 760 3024 872 3111; x_wconf 87' lang='lat' dir='ltr'>potest,</span> <span class='ocrx_word' id='word_1_266' title='bbox 887 3025 1032 3094; x_wconf 88' lang='lat' dir='ltr'>imitetur</span> <span class='ocrx_word' id='word_1_267' title='bbox 1049 3047 1101 3088; x_wconf 87' lang='lat' dir='ltr'>eas</span> <span class='ocrx_word' id='word_1_268' title='bbox 1124 3025 1278 3105; x_wconf 70' lang='lat' dir='ltr'>aetiones,</span> 
     </span>
    </p>
   </div>
   <div class='ocr_carea' id='block_1_3' title="bbox 211 3111 1294 3292">
    <p class='ocr_par' dir='ltr' id='par_1_7' title="bbox 211 3111 1294 3292">
     <span class='ocr_line' id='line_1_32' title="bbox 211 3111 1279 3198; baseline -0.001 -22"><span class='ocrx_word' id='word_1_269' title='bbox 211 3111 278 3192; x_wconf 84' lang='lat' dir='ltr'>5in</span> <span class='ocrx_word' id='word_1_270' title='bbox 330 3134 445 3176; x_wconf 88' lang='lat' dir='ltr'>uarum</span> <span class='ocrx_word' id='word_1_271' title='bbox 471 3112 730 3184; x_wconf 84' lang='lat' dir='ltr'>exercitationem</span> <span class='ocrx_word' id='word_1_272' title='bbox 751 3123 874 3196; x_wconf 86' lang='lat' dir='ltr'>reperta</span> <span class='ocrx_word' id='word_1_273' title='bbox 898 3111 952 3174; x_wconf 87' lang='lat' dir='ltr'>est.</span> <span class='ocrx_word' id='word_1_274' title='bbox 996 3111 1082 3174; x_wconf 85' lang='lat' dir='ltr'>Nam</span> <span class='ocrx_word' id='word_1_275' title='bbox 1106 3135 1219 3198; x_wconf 84' lang='lat' dir='ltr'>magar,</span> <span class='ocrx_word' id='word_1_276' title='bbox 1244 3124 1279 3175; x_wconf 90' lang='lat' dir='ltr'>et</span> 
     </span>
     <span class='ocr_line' id='line_1_33' title="bbox 241 3135 1294 3292; baseline -0.003 -29"><span class='ocrx_word' id='word_1_277' title='bbox 241 3211 280 3292; x_wconf 71' lang='lat' dir='ltr'>pa</span> <span class='ocrx_word' id='word_1_278' title='bbox 301 3135 445 3280; x_wconf 67' lang='lat' dir='ltr'>dentiam,</span> <span class='ocrx_word' id='word_1_279' title='bbox 461 3211 495 3268; x_wconf 90' lang='lat' dir='ltr'>et</span> <span class='ocrx_word' id='word_1_280' title='bbox 510 3199 655 3288; x_wconf 78' lang='lat' dir='ltr'>responsa,</span> <span class='ocrx_word' id='word_1_281' title='bbox 675 3197 859 3284; x_wconf 80' lang='lat' dir='ltr'>etsaevicres</span> <span class='ocrx_word' id='word_1_282' title='bbox 885 3196 1008 3284; x_wconf 80' lang='lat' dir='ltr'>tragicis</span> <span class='ocrx_word' id='word_1_283' title='bbox 1031 3220 1184 3276; x_wconf 83' lang='lat' dir='ltr'>novercas,</span> <span class='ocrx_word' id='word_1_284' title='bbox 1197 3196 1294 3261; x_wconf 78' lang='lat' dir='ltr'>alia·¹</span> 
     </span>
    </p>
   </div>
   <div class='ocr_carea' id='block_1_4' title="bbox 244 3383 1279 3588">
    <p class='ocr_par' dir='ltr' id='par_1_8' title="bbox 244 3383 1279 3588">
     <span class='ocr_line' id='line_1_34' title="bbox 277 3383 1279 3450; baseline 0 -19"><span class='ocrx_word' id='word_1_285' title='bbox 277 3383 425 3433; x_wconf 72' lang='lat' dir='ltr'>isodaiium</span> <span class='ocrx_word' id='word_1_286' title='bbox 437 3385 492 3433; x_wconf 87' lang='lat' dir='ltr'>MS.</span> <span class='ocrx_word' id='word_1_287' title='bbox 504 3383 569 3432; x_wconf 76' lang='lat' dir='ltr'>Badl.</span> <span class='ocrx_word' id='word_1_288' title='bbox 581 3383 640 3450; x_wconf 78' lang='lat' dir='ltr'>quad</span> <span class='ocrx_word' id='word_1_289' title='bbox 648 3383 726 3432; x_wconf 66' lang='lat' dir='ltr'>rebilus</span> <span class='ocrx_word' id='word_1_290' title='bbox 732 3393 802 3446; x_wconf 79' lang='lat' dir='ltr'>puta!</span> <span class='ocrx_word' id='word_1_291' title='bbox 812 3384 891 3430; x_wconf 76' lang='lat' dir='ltr'>Bam.</span> <span class='ocrx_word' id='word_1_292' title='bbox 954 3383 1028 3432; x_wconf 72' lang='lat' dir='ltr'>rtalio</span> <span class='ocrx_word' id='word_1_293' title='bbox 1039 3384 1070 3432; x_wconf 88' lang='lat' dir='ltr'>G.</span> <span class='ocrx_word' id='word_1_294' title='bbox 1134 3384 1279 3444; x_wconf 76' lang='lat' dir='ltr'>⁸ingrediar</span> 
     </span>
     <span class='ocr_line' id='line_1_35' title="bbox 245 3445 1276 3515; baseline 0.002 -21"><span class='ocrx_word' id='word_1_295' title='bbox 245 3445 277 3495; x_wconf 86' lang='lat' dir='ltr'>G.</span> <span class='ocrx_word' id='word_1_296' title='bbox 341 3451 442 3496; x_wconf 81' lang='lat' dir='ltr'>tetiam</span> <span class='ocrx_word' id='word_1_297' title='bbox 454 3451 485 3498; x_wconf 87' lang='lat' dir='ltr'>G.</span> <span class='ocrx_word' id='word_1_298' title='bbox 560 3456 572 3478; x_wconf 78' lang='lat'>¹²</span> <span class='ocrx_word' id='word_1_299' title='bbox 592 3449 725 3498; x_wconf 83' lang='lat' dir='ltr'>disserimus</span> <span class='ocrx_word' id='word_1_300' title='bbox 736 3449 766 3496; x_wconf 88' lang='lat' dir='ltr'>G.</span> <span class='ocrx_word' id='word_1_301' title='bbox 846 3448 924 3510; x_wconf 81' lang='lat' dir='ltr'>xipsa</span> <span class='ocrx_word' id='word_1_302' title='bbox 935 3449 966 3496; x_wconf 90' lang='lat' dir='ltr'>G.</span> <span class='ocrx_word' id='word_1_303' title='bbox 1047 3458 1060 3484; x_wconf 84' lang='lat'>2</span> <span class='ocrx_word' id='word_1_304' title='bbox 1077 3459 1234 3515; x_wconf 78' lang='lat' dir='ltr'>corrumpept</span> <span class='ocrx_word' id='word_1_305' title='bbox 1244 3449 1276 3504; x_wconf 84' lang='lat' dir='ltr'>G.</span> 
     </span>
     <span class='ocr_line' id='line_1_36' title="bbox 244 3511 870 3588; baseline -0.011 -24"><span class='ocrx_word' id='word_1_306' title='bbox 244 3523 320 3576; x_wconf 73' lang='lat' dir='ltr'>rumpe</span> <span class='ocrx_word' id='word_1_307' title='bbox 331 3514 466 3582; x_wconf 66' lang='lat' dir='ltr'>trarffversa,</span> <span class='ocrx_word' id='word_1_308' title='bbox 477 3532 527 3588; x_wconf 70' lang='lat' dir='ltr'>quie</span> <span class='ocrx_word' id='word_1_309' title='bbox 538 3531 586 3568; x_wconf 75' lang='lat' dir='ltr'>cru:</span> <span class='ocrx_word' id='word_1_310' title='bbox 597 3518 635 3568; x_wconf 72' lang='grc' dir='ltr'>τῆς</span> <span class='ocrx_word' id='word_1_311' title='bbox 646 3531 661 3577; x_wconf 89' lang='lat' dir='ltr'>p</span> <span class='ocrx_word' id='word_1_312' title='bbox 665 3512 767 3578; x_wconf 70' lang='lat' dir='ltr'>ficabat,</span> <span class='ocrx_word' id='word_1_313' title='bbox 780 3511 870 3566; x_wconf 76' lang='lat' dir='ltr'>excidit,</span> 
     </span>
    </p>
   </div>
   <div class='ocr_carea' id='block_1_5' title="bbox 229 3673 1278 4306">
    <p class='ocr_par' dir='ltr' id='par_1_9' title="bbox 244 3673 1277 4026">
     <span class='ocr_line' id='line_1_37' title="bbox 264 3673 1115 3746; baseline 0 -18"><span class='ocrx_word' id='word_1_314' title='bbox 264 3677 302 3738; x_wconf 82' lang='lat' dir='ltr'>X,</span> <span class='ocrx_word' id='word_1_315' title='bbox 313 3695 340 3728; x_wconf 81' lang='lat'>2.</span> <span class='ocrx_word' id='word_1_316' title='bbox 350 3674 479 3744; x_wconf 78' lang='lat' dir='ltr'>imaginem</span> <span class='ocrx_word' id='word_1_317' title='bbox 488 3675 581 3742; x_wconf 80' lang='lat' dir='ltr'>reddit]</span> <span class='ocrx_word' id='word_1_318' title='bbox 596 3675 739 3732; x_wconf 85' lang='lat' dir='ltr'>Transsatio</span> <span class='ocrx_word' id='word_1_319' title='bbox 787 3677 929 3746; x_wconf 69' lang='lat' dir='ltr'>canapesctre</span> <span class='ocrx_word' id='word_1_320' title='bbox 936 3673 1055 3742; x_wconf 80' lang='lat' dir='ltr'>pollicitus</span> <span class='ocrx_word' id='word_1_321' title='bbox 1066 3675 1115 3728; x_wconf 76' lang='lat' dir='ltr'>&amp;c</span> 
     </span>
     <span class='ocr_line' id='line_1_38' title="bbox 244 3743 1275 3816; baseline -0.001 -19"><span class='ocrx_word' id='word_1_322' title='bbox 244 3745 278 3798; x_wconf 84' lang='lat' dir='ltr'>cii</span> <span class='ocrx_word' id='word_1_323' title='bbox 298 3745 443 3815; x_wconf 67' lang='lat' dir='ltr'>aspeculm</span> <span class='ocrx_word' id='word_1_324' title='bbox 471 3763 522 3816; x_wconf 86' lang='lat' dir='ltr'>qua</span> <span class='ocrx_word' id='word_1_325' title='bbox 539 3758 644 3798; x_wconf 89' lang='lat' dir='ltr'>utuntur</span> <span class='ocrx_word' id='word_1_326' title='bbox 662 3747 739 3798; x_wconf 85' lang='lat' dir='ltr'>etiarn</span> <span class='ocrx_word' id='word_1_327' title='bbox 825 3764 850 3810; x_wconf 77' lang='grc' dir='ltr'>ς.</span> <span class='ocrx_word' id='word_1_328' title='bbox 873 3754 898 3796; x_wconf 85' lang='lat' dir='ltr'>et</span> <span class='ocrx_word' id='word_1_329' title='bbox 916 3743 1075 3814; x_wconf 70' lang='lat' dir='ltr'>pestilentiam</span> <span class='ocrx_word' id='word_1_330' title='bbox 1100 3755 1125 3800; x_wconf 85' lang='lat' dir='ltr'>et</span> <span class='ocrx_word' id='word_1_331' title='bbox 1146 3743 1275 3815; x_wconf 81' lang='lat' dir='ltr'>responsa]</span> 
     </span>
     <span class='ocr_line' id='line_1_39' title="bbox 244 3813 1277 3886; baseline -0.002 -20"><span class='ocrx_word' id='word_1_332' title='bbox 244 3815 328 3877; x_wconf 82' lang='lat' dir='ltr'>nostri,</span> <span class='ocrx_word' id='word_1_333' title='bbox 337 3834 395 3868; x_wconf 87' lang='lat' dir='ltr'>cum</span> <span class='ocrx_word' id='word_1_334' title='bbox 407 3832 516 3886; x_wconf 79' lang='lat' dir='ltr'>pugnam</span> <span class='ocrx_word' id='word_1_335' title='bbox 526 3815 647 3868; x_wconf 89' lang='lat' dir='ltr'>ludicram</span> <span class='ocrx_word' id='word_1_336' title='bbox 656 3826 680 3866; x_wconf 85' lang='lat' dir='ltr'>et</span> <span class='ocrx_word' id='word_1_337' title='bbox 688 3831 738 3868; x_wconf 81' lang='lat' dir='ltr'>me·</span> <span class='ocrx_word' id='word_1_338' title='bbox 786 3817 847 3868; x_wconf 91' lang='lat' dir='ltr'>Vid.</span> <span class='ocrx_word' id='word_1_339' title='bbox 863 3813 1020 3883; x_wconf 80' lang='lat' dir='ltr'>Interpreres,</span> <span class='ocrx_word' id='word_1_340' title='bbox 1035 3826 1059 3866; x_wconf 89' lang='lat' dir='ltr'>et</span> <span class='ocrx_word' id='word_1_341' title='bbox 1077 3816 1103 3866; x_wconf 90' lang='lat' dir='ltr'>in</span> <span class='ocrx_word' id='word_1_342' title='bbox 1120 3815 1159 3866; x_wconf 86' lang='lat' dir='ltr'>his</span> <span class='ocrx_word' id='word_1_343' title='bbox 1177 3813 1277 3884; x_wconf 56' lang='lat' dir='ltr'>praser-</span> 
     </span>
     <span class='ocr_line' id='line_1_40' title="bbox 245 3883 1274 3957; baseline -0.003 -21"><span class='ocrx_word' id='word_1_344' title='bbox 245 3883 388 3938; x_wconf 77' lang='lat' dir='ltr'>ditationcm</span> <span class='ocrx_word' id='word_1_345' title='bbox 409 3887 561 3957; x_wconf 62' lang='lat' dir='ltr'>campqirem</span> <span class='ocrx_word' id='word_1_346' title='bbox 589 3897 679 3938; x_wconf 87' lang='lat' dir='ltr'>vocant</span> <span class='ocrx_word' id='word_1_347' title='bbox 698 3885 739 3945; x_wconf 78' lang='lat' dir='ltr'>ein</span> <span class='ocrx_word' id='word_1_348' title='bbox 784 3887 833 3940; x_wconf 88' lang='lat' dir='ltr'>tim</span> <span class='ocrx_word' id='word_1_349' title='bbox 850 3885 1008 3942; x_wconf 87' lang='lat' dir='ltr'>Burmannus</span> <span class='ocrx_word' id='word_1_350' title='bbox 1025 3885 1056 3935; x_wconf 87' lang='lat' dir='ltr'>ad</span> <span class='ocrx_word' id='word_1_351' title='bbox 1069 3884 1131 3936; x_wconf 86' lang='lat' dir='ltr'>iilud</span> <span class='ocrx_word' id='word_1_352' title='bbox 1148 3885 1232 3935; x_wconf 86' lang='lat' dir='ltr'>Petro.</span> <span class='ocrx_word' id='word_1_353' title='bbox 1248 3901 1274 3934; x_wconf 89' lang='lat'>1.</span> 
     </span>
     <span class='ocr_line' id='line_1_41' title="bbox 246 3952 1275 4026; baseline -0.001 -21"><span class='ocrx_word' id='word_1_354' title='bbox 246 3953 456 4024; x_wconf 77' lang='lat' dir='ltr'>Spiegal-fechren.</span> <span class='ocrx_word' id='word_1_355' title='bbox 780 3975 813 4026; x_wconf 85' lang='lat' dir='ltr'>¹p.</span> <span class='ocrx_word' id='word_1_356' title='bbox 833 3959 858 4006; x_wconf 85' lang='lat'>6.</span> <span class='ocrx_word' id='word_1_357' title='bbox 876 3956 986 4024; x_wconf 81' lang='lat' dir='ltr'>responsa</span> <span class='ocrx_word' id='word_1_358' title='bbox 1005 3952 1032 4004; x_wconf 83' lang='lat' dir='ltr'>ia</span> <span class='ocrx_word' id='word_1_359' title='bbox 1048 3952 1182 4026; x_wconf 64' lang='lat' dir='ltr'>pqiilcntr&#39;a</span> <span class='ocrx_word' id='word_1_360' title='bbox 1200 3953 1275 4011; x_wconf 70' lang='lat' dir='ltr'>data.</span> 
     </span>
    </p>

    <p class='ocr_par' dir='ltr' id='par_1_10' title="bbox 229 4024 1278 4306">
     <span class='ocr_line' id='line_1_42' title="bbox 284 4024 1278 4104; baseline -0.003 -28"><span class='ocrx_word' id='word_1_361' title='bbox 284 4042 309 4090; x_wconf 85' lang='lat'>5.</span> <span class='ocrx_word' id='word_1_362' title='bbox 327 4027 425 4094; x_wconf 85' lang='lat' dir='ltr'>magas]</span> <span class='ocrx_word' id='word_1_363' title='bbox 441 4025 508 4078; x_wconf 80' lang='lat' dir='ltr'>Tale</span> <span class='ocrx_word' id='word_1_364' title='bbox 518 4035 694 4094; x_wconf 83' lang='lat' dir='ltr'>argumentum</span> <span class='ocrx_word' id='word_1_365' title='bbox 705 4024 738 4076; x_wconf 87' lang='lat' dir='ltr'>est</span> <span class='ocrx_word' id='word_1_366' title='bbox 786 4027 913 4093; x_wconf 79' lang='lat' dir='ltr'>Frequens</span> <span class='ocrx_word' id='word_1_367' title='bbox 930 4025 984 4074; x_wconf 86' lang='lat' dir='ltr'>sane</span> <span class='ocrx_word' id='word_1_368' title='bbox 1002 4024 1188 4076; x_wconf 81' lang='lat' dir='ltr'>declamationis</span> <span class='ocrx_word' id='word_1_369' title='bbox 1200 4039 1278 4104; x_wconf 80' lang='lat' dir='ltr'>argu·</span> 
     </span>
     <span class='ocr_line' id='line_1_43' title="bbox 245 4089 1276 4168; baseline 0.001 -26"><span class='ocrx_word' id='word_1_370' title='bbox 245 4109 273 4143; x_wconf 87' lang='lat' dir='ltr'>v.</span> <span class='ocrx_word' id='word_1_371' title='bbox 287 4113 314 4162; x_wconf 84' lang='lat' dir='ltr'>g.</span> <span class='ocrx_word' id='word_1_372' title='bbox 328 4093 738 4168; x_wconf 71' lang='lat' dir='ltr'>Qintiil.decl.ro.Sepulrrum</span> <span class='ocrx_word' id='word_1_373' title='bbox 785 4111 912 4146; x_wconf 80' lang='lat' dir='ltr'>mentum:</span> <span class='ocrx_word' id='word_1_374' title='bbox 941 4096 974 4144; x_wconf 91' lang='lat' dir='ltr'>V.</span> <span class='ocrx_word' id='word_1_375' title='bbox 1001 4095 1039 4144; x_wconf 90' lang='lat' dir='ltr'>G.</span> <span class='ocrx_word' id='word_1_376' title='bbox 1064 4093 1186 4164; x_wconf 74' lang='lat' dir='ltr'>Qinatit.</span> <span class='ocrx_word' id='word_1_377' title='bbox 1211 4089 1276 4143; x_wconf 85' lang='lat' dir='ltr'>decl.</span> 
     </span>
     <span class='ocr_line' id='line_1_44' title="bbox 229 4161 1278 4234; baseline -0.007 -15"><span class='ocrx_word' id='word_1_378' title='bbox 229 4161 415 4219; x_wconf 65' lang='lat' dir='ltr'>&#39;incantatum</span> <span class='ocrx_word' id='word_1_379' title='bbox 451 4165 481 4218; x_wconf 87' lang='lat' dir='ltr'>it.</span> <span class='ocrx_word' id='word_1_380' title='bbox 506 4165 573 4234; x_wconf 85' lang='lat' dir='ltr'>apud</span> <span class='ocrx_word' id='word_1_381' title='bbox 601 4166 738 4216; x_wconf 89' lang='lat' dir='ltr'>Libanium</span> <span class='ocrx_word' id='word_1_382' title='bbox 789 4167 850 4230; x_wconf 80' lang='lat'><strong>326.</strong></span> <span class='ocrx_word' id='word_1_383' title='bbox 865 4167 927 4228; x_wconf 68' lang='lat'>384,</span> <span class='ocrx_word' id='word_1_384' title='bbox 943 4161 1018 4231; x_wconf 84' lang='lat' dir='ltr'>Calp.</span> <span class='ocrx_word' id='word_1_385' title='bbox 1031 4163 1115 4214; x_wconf 84' lang='lat' dir='ltr'>Flacci</span> <span class='ocrx_word' id='word_1_386' title='bbox 1129 4161 1192 4212; x_wconf 75' lang='lat' dir='ltr'>deci.</span> <span class='ocrx_word' id='word_1_387' title='bbox 1208 4172 1278 4229; x_wconf 72' lang='lat' dir='ltr'>icet</span> 
     </span>
     <span class='ocr_line' id='line_1_45' title="bbox 245 4232 1278 4306; baseline -0.003 -20"><span class='ocrx_word' id='word_1_388' title='bbox 245 4233 377 4292; x_wconf 83' lang='lat' dir='ltr'>declamat.</span> <span class='ocrx_word' id='word_1_389' title='bbox 397 4251 442 4300; x_wconf 81' lang='lat'>43.</span> <span class='ocrx_word' id='word_1_390' title='bbox 468 4235 560 4306; x_wconf 88' lang='lat' dir='ltr'>Magus</span> <span class='ocrx_word' id='word_1_391' title='bbox 578 4232 739 4306; x_wconf 77' lang='lat' dir='ltr'>pestilentiam</span> <span class='ocrx_word' id='word_1_392' title='bbox 787 4253 832 4302; x_wconf 74' lang='lat'>43.</span> <span class='ocrx_word' id='word_1_393' title='bbox 869 4234 944 4306; x_wconf 80' lang='lat' dir='ltr'>Qud</span> <span class='ocrx_word' id='word_1_394' title='bbox 964 4234 1084 4306; x_wconf 79' lang='lat' dir='ltr'>permovit</span> <span class='ocrx_word' id='word_1_395' title='bbox 1106 4234 1182 4299; x_wconf 81' lang='lat' dir='ltr'>etiam</span> <span class='ocrx_word' id='word_1_396' title='bbox 1206 4248 1278 4304; x_wconf 79' lang='lat' dir='ltr'>mag·</span> 
     </span>
    </p>
   </div>
   <div class='ocr_carea' id='block_1_6' title="bbox 0 0 1516 4920">
    <p class='ocr_par' dir='ltr' id='par_1_11' title="bbox 0 0 1516 4920">
     <span class='ocr_line' id='line_1_46' title="bbox 0 0 1516 4920; baseline 0 0"><span class='ocrx_word' id='word_1_397' title='bbox 0 0 1516 4920; x_wconf 95' lang='lat' dir='ltr'> </span> 
     </span>
    </p>
   </div>
  </div>
 </body>
</html>
