3024 4912
384 484 386 488 .
433 427 603 492 ms'rm,
625 429 830 491 ORATOR.
850 429 933 488 LIB.
955 429 1010 488 111.
1026 430 1055 489 6.
1208 433 1263 510 165

230 593 331 659 nostra
347 588 433 660 velut
446 593 615 674 donantes,
632 593 758 660 interim
776 593 816 658 ad
830 615 878 671 eo,
894 593 1052 681 quaesunt
1072 591 1262 679 potentiora,

197 705 216 770 9
229 679 365 766 gradum
388 705 431 746 ex
457 681 507 745 his
533 675 638 748 fecisse
662 679 816 746 contenti.
862 679 1004 766 Simplex
1026 678 1134 744 autem
1161 681 1263 745 cauffo

228 765 325 830 etiam
342 765 360 830 fi
385 765 469 832 varie
491 766 685 846 defenditur,
701 789 766 830 nou
782 765 881 851 potest
903 765 1021 830 habero
1041 765 1113 850 plus
1127 786 1205 844 uno,
1220 763 1262 830 do

228 871 295 935 quo
306 853 548 939 pronuntietur:
568 866 668 942 atque
691 851 769 915 inde
795 851 854 916 erit
867 849 969 936 statam
993 852 1109 938 caristia,
1125 849 1214 938 quod
1229 864 1263 915 et

227 949 334 1001 orator
355 938 516 1087 praecipue
538 937 593 1000 libi
616 935 827 1002 obtinendum
838 948 862 1016 ⁶,
878 951 912 1000 et
932 934 1033 1024 judex
1056 936 1262 1022 l'pedlandum

176 1042 215 1088 10
226 1018 367 1086 maxime
382 1023 449 1087 inte
464 1022 556 1108 ligii:
580 1023 612 1086 in
627 1023 690 1086 hoc
706 1023 791 1086 enim
807 1021 910 1086 caussa
922 1022 1076 1085 consistet.
1111 1023 1263 1102 Ceterum

227 1108 438 1192 quaestionum
452 1109 578 1194 poliunt
591 1107 652 1172 elle
665 1107 788 1172 diversi.
833 1107 932 1172 Quod
952 1121 989 1171 ut
1009 1106 1189 1172 brevillimo
1203 1128 1260 1193 pa-

226 1203 295 1256 teat
317 1193 483 1282 exemplo:
518 1215 594 1257 cum
617 1191 698 1258 dicit
718 1215 803 1274 reus,
828 1192 934 1258 Etiam
945 1191 978 1278 fi
988 1191 1067 1278 feci,
1083 1201 1157 1256 reete
1169 1193 1236 1280 feci
1248 1217 1263 1272 ς

226 1277 392 1362 qualitatis
407 1277 509 1344 utitur
523 1280 621 1344 statu:
646 1301 720 1343 cum
736 1277 828 1355 dicit,
845 1277 915 1342 Non
927 1279 1014 1363 fecir
1043 1277 1261 1364 conjedluram

226 1376 348 1430 movet.
393 1366 526 1452 Semper
540 1378 649 1429 autem
666 1364 786 1428 firmius
802 1365 845 1428 est
859 1363 1047 1450 nonfecffr
1070 1363 1209 1452 ideoque
1223 1364 1259 1428 in
1332 1431 1343 1442 „

221 1467 266 1513 eo
280 1449 393 1514 ilatum
408 1451 467 1514 elle
475 1449 642 1538 judicab0,
659 1449 748 1536 quod
761 1447 913 1527 dicerem,
929 1449 950 1512 fi
966 1447 1046 1511 mihi
1082 1447 1145 1528 lus,
1161 1471 1260 1536 quam

171 1553 210 1602 τι
225 1553 339 1613 unum,
367 1535 475 1600 dicere
510 1557 574 1600 non
601 1535 725 1599 liceret.
775 1534 874 1600 Reate
903 1534 1004 1622 igitur
1033 1467 1084 1598 etl
1105 1533 1260 1620 appellata

226 1641 281 1680 cau
306 1625 391 1684 cirum
412 1622 509 1707 primo
532 1619 686 1719 conflidtio,
711 1617 1001 1709 nonqnaeflionom.
1046 1620 1133 1684 Nam
1150 1632 1183 1682 et
1201 1641 1259 1706 pro

226 1702 273 1766 Ra
296 1705 355 1769 irio
378 1705 523 1771 Postumo
547 1707 663 1771 Cicero
688 1705 810 1794 primat
833 1717 922 1790 parte
945 1704 1096 1770 orationis
1116 1705 1172 1768 iue
1194 1705 1258 1793 hoc

220 1784 377 1870 intendit,
399 1806 438 1856 ut
462 1791 621 1856 aclionem
645 1803 827 1877 competere
850 1791 882 1854 in
908 1791 1049 1878 equitem
1076 1791 1258 1857 Romanum

220 1890 342 1960 negot:
366 1875 512 1955 secunda,
528 1877 648 1940 nullam
664 1877 795 1941 adeum
810 1877 978 1962 pecuniam
993 1875 1256 1964 pervenilleeon-

225 1957 340 2025 firmat.
386 1963 511 2026 Statum
535 1977 642 2026 tamen
667 1963 699 2024 in
720 1984 760 2026 eo
775 1961 882 2026 dicam
906 1959 1006 2040 suillo,
1022 1961 1111 2049 quod
1137 1963 1179 2024 est
1194 1984 1255 2048 po-

172 2062 211 2114 12
224 2046 354 2112 tentius.
399 2049 472 2121 Nec
488 2047 520 2112 in
545 2047 646 2113 cauffo
668 2044 805 2115 Milonis
827 2048 911 2118 ciroa
924 2047 1042 2133 primas
1056 2045 1255 2131 quaestiones,

223 2133 391 2218 quaesunt
417 2145 490 2197 ante
515 2132 731 2232 prooemiumf
756 2133 875 2219 posita,
899 2131 1056 2220 judicabo
1086 2132 1256 2197 conflixisse

223 2217 378 2281 caudam:
402 2217 454 2282 sed
470 2219 527 2284 ub1
542 2219 619 2282 totis
640 2219 760 2286 viribus
781 2218 961 2304 infidiotor⁸
991 2217 1122 2296 Clodius,
1138 2217 1257 2304 ideoque

211 2301 288 2388 jure
302 2301 483 2388 intersimus,
501 2303 685 2369 ostenditur.
730 2306 775 2368 Et
788 2302 852 2368 hoo
866 2303 919 2383 est,
935 2302 1024 2388 quod
1049 2316 1123 2366 ante
1148 2302 1257 2368 omnia

220 2387 411 2453 constituere
425 2389 458 2452 in
473 2390 581 2456 animo
596 2391 651 2454 suo
665 2389 779 2454 debeat
800 2401 916 2468 orator,
932 2388 1029 2452 etiam
1045 2388 1066 2451 fi
1103 2409 1139 2452 ro
1154 2387 1257 2454 cautla

221 2471 315 2556 plura
339 2473 484 2540 didiurus
506 2475 561 2554 est,
584 2475 687 2561 quidh
717 2474 857 2540 maxime
884 2473 1009 2573 liquere
1030 2471 1069 2560 ju
1093 2473 1135 2538 ici
1164 2473 1255 2538 velit.

222 2556 323 2622 Quod
337 2571 444 2624 tamen
467 2573 505 2624 ut
525 2561 663 2647 primum
677 2559 903 2646 cogitandum,
920 2570 966 2624 ita
987 2580 1051 2622 non
1066 2559 1177 2644 utique
1190 2559 1257 2646 pri·

169 2662 207 2728 13
222 2665 311 2707 mum
327 2643 500 2710 dicendum
516 2646 589 2710 erit.
629 2647 736 2730 (VII.)
759 2643 827 2710 Alii
842 2645 955 2708 statum
971 2643 1173 2708 crediderunt
1186 2643 1252 2730 pti·

220 2747 305 2792 mam
330 2728 410 2817 ejus,
434 2753 509 2796 cum
535 2753 602 2819 quo
627 2745 787 2820 ageretur,
814 2729 1098 2818 deprecationeml.
1144 2729 1254 2795 Quam

251 2919 263 2943 θ
282 2915 467 2977 proponendum
485 2915 516 2963 G.
537 2926 560 2961 er
581 2915 653 2964 Vallae
664 2917 719 2964 liber
737 2927 775 2979 op.
793 2919 872 2965 Burni.
889 2916 1064 2978 opponendum
1081 2915 1130 2962 boni
1144 2913 1198 2961 libri
1214 2926 1252 2978 ap.

218 2979 283 3025 nond.
332 2980 466 3042 ‘primam
478 2988 571 3042 partem
581 2981 645 3030 lens.
695 2983 749 3028 ein
761 3000 802 3029 om.
815 2983 846 3029 G.
858 2983 921 3030 Jent'.
925 2981 989 3044 forte
1000 2980 1043 3044 leg.
1057 2981 1114 3028 huc.
1172 2978 1253 3028 fnan-

218 3044 335 3092 rationem
348 3045 533 3107 G.inmargine.
595 3045 747 3094 tinfidtatur
758 3047 789 3096 G.
800 3047 857 3113 qaid
856 3048 883 3112 ſs
892 3045 1025 3094 insidiatus.
1081 3045 1252 3106 ”quotient

217 3105 225 3140 l
241 3109 407 3170 depulsionem
419 3110 468 3158 doni
479 3109 533 3157 libri
538 3110 615 3174 plnres
626 3112 687 3173 opud
695 3113 775 3162 Barna.

229 3260 233 3272 ’
253 3291 279 3338 9.
297 3269 461 3338 obtinendam]
481 3273 539 3324 Non
551 3258 710 3326 ausim'dam-
759 3273 807 3325 sem
824 3274 945 3344 recipere:
969 3290 1029 3328 cum
1044 3272 1096 3338 jam
1116 3272 1149 3324 ab
1169 3271 1251 3342 Regio

217 3357 277 3392 nare
298 3343 410 3403 verbum,
433 3343 499 3412 quod
524 3342 608 3395 locum
636 3343 709 3396 suum
757 3343 926 3396 animadversa
954 3342 982 3394 sit
1005 3353 1108 3410 receptae
1136 3341 1249 3394 tettiouis

217 3410 345 3462 conunode
357 3411 642 3476 hictuerivideatur,et
655 3427 708 3466 tum
757 3411 936 3474 difficillimo
971 3413 1163 3464 rovocatum‘ad
1176 3412 1250 3464 nollri

219 3479 251 3530 ad
264 3481 370 3534 actorem
392 3492 446 3534 tum
459 3482 489 3532 ad
507 3499 577 3534 reum
589 3481 659 3551 pollit
670 3499 708 3536 re·
755 3501 784 3548 4,
798 3503 823 3543 a,
837 3501 882 3548 25.
913 3479 948 3534 Ni
973 3481 1044 3550 sorte
1061 3481 1101 3534 M.
1121 3479 1249 3532 Tullius—

215 3547 284 3603 fetri.
307 3549 352 3600 Sed
365 3545 443 3601 fateor
454 3561 536 3602 tamen
547 3551 642 3621 placere
649 3561 708 3621 pro·
756 3551 822 3604 male
831 3549 938 3622 astulfi>
953 3549 1123 3604 narrationem
1133 3549 1247 3604 virimar.

209 3619 356 3688 ponendum,
373 3619 440 3688 quod
457 3623 556 3688 magnis
574 3621 708 3674 audlorita-
758 3623 803 3674 Sed
816 3639 875 3674 cum
892 3625 923 3672 ab
940 3620 1094 3672 emendatore
1110 3620 1138 3671 sit
1154 3636 1248 3671 narra·

215 3690 284 3742 tibus
297 3690 398 3742 nititur.
428 3689 564 3756 Proponere
583 3701 607 3742 et
620 3698 707 3760 propo·
755 3691 856 3744 tionem:
877 3689 1027 3760 praetulerim
1034 3687 1247 3759 postprooemium,

206 3756 263 3824 fitia
281 3762 408 3830 proprium
430 3758 497 3830 quali
518 3759 600 3814 locum
616 3763 707 3814 habent
756 3761 825 3830 quod
848 3761 938 3813 habent
961 3760 1081 3812 editiones
1111 3759 1246 3828 quaedam,

215 3827 241 3878 in
252 3827 348 3882 adore:
371 3831 402 3882 V.
417 3830 455 3881 G.
475 3846 533 3880 mox
545 3829 563 3882 s.
580 3847 609 3894 13
624 3841 648 3880 et
662 3847 705 3896 15·
756 3843 800 3882 atat
811 3839 869 3882 ante
880 3829 907 3882 in
920 3827 1075 3898 prooemiam,
1087 3829 1155 3898 quo'd
1167 3831 1247 3881 omni-

214 3897 244 3948 it.
259 3918 284 3964 ς,
300 3919 341 3965 13,
357 3917 398 3964 13.
413 3917 456 3960 ao,
469 3901 514 3961 46,
524 3915 569 3965 49.
589 3899 639 3950 Ait
651 3916 705 3952 ora·
754 3917 799 3952 um
812 3901 922 3970 proxime
933 3901 964 3952 ad
975 3899 1087 3951 vitiatam
1101 3898 1246 3968 scripturam

214 3976 262 4029 tor,
281 3981 304 4020 et
323 3969 447 4040 proponit,
460 3967 525 4031 Fecit
542 3967 705 4037 Sempronius,
754 3970 859 4029 aceedit,
870 3980 895 4019 et
907 3969 1012 4020 habetur
1029 3968 1173 4020 Bormanon
1190 3967 1248 4022 telle

211 4035 399 4160 pedatppdex,
410 4039 450 4092 dn
458 4036 575 4106 ficerit?
593 4039 639 4112 qui
656 4039 705 4108 ipse
754 4039 822 4108 apud
841 4038 991 4101 Colinaeum,
1008 4048 1031 4090 et
1049 4037 1200 4108 Stephanum
1220 4039 1247 4090 in

233 4115 340 4159 atuse.
754 4110 876 4160 marine.

215 4240 221 4247 Π
251 4195 293 4226 12.
313 4185 369 4228 ante
383 4176 541 4244 procamium]
562 4177 615 4230 Sia
644 4176 706 4232 rima
792 4127 834 4241 ¹}-
858 4175 1061 4248 deprecatr‘onem]
1080 4177 1137 4228 Hoc
1154 4173 1186 4228 est
1202 4176 1245 4229 de-

173 4275 175 4279 ·
212 4246 354 4298 manuellet
371 4245 549 4308 narrationem,
562 4265 613 4316 quo
648 4247 703 4298 Go-
749 4246 877 4315 pulstonem
904 4247 1026 4310 crumnis,
1054 4261 1131 4367 quam
1158 4245 1247 4298 deinde

211 4313 263 4368 thae
273 4315 323 4388 legi
340 4315 515 4379 indicavimus,
528 4333 578 4371 noo
593 4315 705 4370 dubitas·
754 4329 827 4369 vocat
839 4315 981 4386 aliquoties,
992 4329 1017 4369 et
1028 4334 1053 4368 re

808 4403 974 4472 M3'

1062 4315 1202 4388 ponsioneru
1215 4315 1246 4368 ad
