3022 4920
263 391 304 468 μ’
495 382 544 452 nr
563 387 688 454 risu
714 383 1060 454 numeruntur
1125 419 1126 428 κ

262 573 284 620 ι
297 551 534 641 computatione
547 551 696 632 diffentit,
707 545 871 642 judicatur
883 553 1043 618 indoslns.
1087 549 1147 616 llla
1159 573 1234 618 vero
1245 549 1288 618 li-
1301 537 1349 628 36

263 639 473 718 nominatio,
489 652 522 704 et
545 639 628 725 ipsa¹
651 639 782 725 quidem
798 637 884 704 cadit
898 638 1080 726 frequenter
1094 636 1127 702 in
1149 639 1288 704 caussasz

263 745 339 792 nem
354 724 394 790 de
408 725 551 790 terminis
566 723 778 810 mensurisque
792 725 863 792 lunt
878 723 971 790 lites:
995 724 1048 788 sed
1070 723 1167 788 habet
1186 725 1289 810 majo·

262 831 331 878 tem
346 809 517 898 quamdam
533 809 627 874 aliam
640 831 715 874 cum
730 821 798 874 arte
811 809 947 876 oratoria
962 809 1198 896 cognationem.
1218 813 1289 875 Jam
1302 814 1344 882 37

261 895 402 980 primunr
417 895 497 960 ordo
512 895 556 959 est
566 895 734 982 geometrice
748 894 933 962 necessarius
948 919 955 958 r
979 917 1085 958 nonne
1100 907 1133 958 et
1154 896 1290 984 eloquen-

263 979 348 1045 ria?
378 983 426 1046 Ex
441 980 598 1067 prioribus
611 981 788 1078 geometria
801 981 915 1066 probat
928 979 1135 1066 insequentia,
1149 993 1183 1043 et
1196 982 1291 1046 certis

165 1063 404 1134 *incertas
427 1088 534 1132 nonne
555 1065 589 1138 id
611 1065 796 1130 indicendo
817 1065 976 1130 facimus?
1003 1065 1116 1130 Ouid?
1141 1065 1196 1131 illa
1216 1089 1290 1152 pro·

307 1151 429 1216 sitarum
459 1151 669 1239 quaestionum
698 1149 869 1230 conclusio,
895 1173 959 1215 non
985 1163 1055 1216 tota
1079 1149 1145 1214 fere
1172 1155 1292 1217 constat

261 1171 473 1324 sillogismis?
498 1235 726 1324 propterquod
747 1236 852 1320 plures
867 1235 1021 1315 invenias,
1036 1237 1093 1322 qui
1114 1237 1291 1304 dialecticae

261 1321 407 1412 fimilem,
422 1344 518 1409 quam
534 1320 590 1407 qui
606 1320 775 1388 rhetorioae
789 1321 946 1388 fateantur
967 1323 1049 1387 hanc
1065 1336 1177 1389 artem.
1221 1327 1290 1390 Ve-

261 1431 335 1476 rum
351 1423 385 1474 et
405 1423 521 1485 orator,
537 1406 634 1472 etiam
656 1406 677 1470 si
699 1428 779 1484 raro,
796 1429 859 1472 non
881 1421 990 1472 tamen
1012 1419 1199 1492 numquam,
1215 1433 1290 1498 pro.

261 1493 354 1560 babit
368 1493 544 1560 dialectice.
588 1491 676 1556 Nam
702 1505 735 1556 et
758 1492 837 1578 syllo
862 1493 960 1571 istuis,
979 1494 1000 1558 li
1020 1515 1070 1558 res
1085 1494 1202 1576 pol'cet,
1219 1511 1289 1560 ute·
1302 1479 1348 1564 33.

261 1591 336 1646 tur:
354 1589 407 1644 ett
424 1591 510 1643 certe
524 1577 746 1662 enthimemate,
762 1579 818 1664 qui
830 1517 1007 1644 rhetoricus
1021 1581 1063 1642 est
1079 1578 1293 1668 syllogismus.

261 1664 412 1750 Denique
433 1661 670 1749 probationum,
691 1686 765 1750 quae
783 1665 855 1728 sunt
873 1664 1107 1749 potentiffimae,
1130 1670 1292 1750 γραμμικαὶ

262 1748 411 1827 ἀποδείξεις
424 1749 523 1837 vulgo
538 1747 710 1814 dicuntur:
733 1749 811 1834 quid
826 1763 933 1814 autem
949 1749 1052 1834 magis
1067 1751 1179 1822 oratio,
1194 1773 1290 1834 quam

259 1831 481 1920 probationem
511 1831 613 1919 petit?
640 1833 740 1898 *Falsa
768 1856 897 1922 quoque
922 1833 1109 1911 verisimilia,
1131 1835 1346 1920 geometraa39

170 1911 385 1984 *ratione
398 1918 621 2006 deprehendit.
665 1918 717 1984 Fit
728 1919 791 1984 hoc
806 1933 839 1984 et
855 1919 888 1984 in
903 1917 1044 1984 numeris
1059 1941 1113 2004 per
1149 1917 1290 1998 uasdam,

262 2024 341 2088 quas
356 2001 564 2086 ψευδογραφὶας
579 2016 705 2083 vocant,
721 2005 838 2091 quibus
860 2004 949 2090 pueri
970 2003 1079 2070 ludere
1100 1941 1290 2070 solebamus.

262 2086 327 2152 Sed
342 2084 404 2150 alia
419 2085 539 2172 majora
553 2088 636 2154 sunt.
681 2090 769 2154 Nam
783 2089 856 2176 quis
872 2113 937 2156 non
959 2090 1004 2154 ita
1018 2089 1207 2175 proponenti
1222 2111 1291 2153 cre·

260 2171 331 2236 dat:
357 2171 504 2236 Quorum
519 2171 664 2242 locorum
680 2189 830 2240 extremae
844 2175 938 2240 lineae
954 2175 1100 2240 eamdem
1115 2174 1293 2240 mensuram

260 2256 430 2344 colligunt,
446 2277 557 2322 eorum
579 2259 714 2343 spatium
735 2282 877 2347 quoque,
912 2260 979 2326 uod
1000 2261 1052 2324 his
1072 2258 1166 2324 lineis
1186 2259 1290 2346 conti-

261 2355 368 2420 netur,
384 2343 702 2428 parfitneceffeest?
741 2347 789 2409 At
803 2345 837 2408 id
852 2283 963 2410 sallum
980 2347 1033 2410 est.
1078 2346 1166 2408 Nam
1210 2343 1290 2410 luri·
1302 2351 1348 2414 40

261 2438 375 2493 mum⁰
397 2425 504 2504 refert,
527 2429 620 2516 cujus
635 2431 671 2496 fit
692 2427 803 2494 formae
823 2429 878 2496 ille
900 2431 1073 2496 circuitus:
1097 2367 1291 2516 repreliens-

261 2535 325 2598 que
340 2536 359 2575 a
373 2514 547 2599 geometris
569 2515 641 2582 sunt
659 2515 810 2593 historici,
823 2516 879 2602 qui
901 2515 1159 2603 magnitudinesv
1175 2516 1292 2582 insula-

259 2620 333 2664 rum
348 2598 420 2662 satis
435 2599 601 2684 fignificari
612 2601 824 2700 navigationis
839 2601 962 2668 ambitu
970 2601 1184 2666 crediderunt.
1207 2604 1291 2666 Nam

260 2695 301 2748 ut
313 2706 451 2770 quaeque
464 2683 565 2748 forma
580 2685 809 2774 persedrffima,
824 2685 869 2750 ita
890 2687 1084 2774 capaciffima
1097 2687 1151 2751 est.
1197 2686 1345 2755 Ideo-l1

180 2795 249 2810 ···-··
261 2789 326 2852 que
340 2767 396 2833 illa
409 2768 662 2836 circumcurrens
679 2771 776 2848 linea,
792 2773 813 2836 fi
828 2771 944 2836 efficiat
959 2773 1082 2850 orbem,
1098 2795 1171 2860 quae
1192 2772 1294 2836 forma

262 2854 305 2918 est
319 2852 353 2919 in
374 2854 478 2940 planis
500 2855 639 2922 maxime
653 2857 804 2944 perfetta,
817 2858 955 2945 amplius
976 2857 1111 2946 spatium
1131 2859 1293 2945 complec-

286 3056 372 3117 ⁸quis
382 3056 414 3104 G.
462 3063 471 3097 t
481 3059 650 3122 sorteleg.ex.
705 3067 718 3092 ¹¹
738 3063 845 3124 primum
855 3063 885 3112 G.
935 3070 948 3094 r
966 3063 1160 3125 magnitudinem
1171 3059 1278 3110 orent.

245 3281 247 3286 ·
300 3261 343 3312 39.
365 3235 565 3317 drvloypapr'as]
592 3249 628 3300 Ut
650 3246 692 3300 ille
714 3263 753 3298 re.
802 3242 835 3294 ab
853 3241 988 3294 hocerrore
1003 3259 1052 3294 non
1069 3241 1140 3310 plane
1158 3240 1295 3292 immunem

263 3313 316 3366 dux
333 3332 346 3365 e
362 3313 444 3368 schola
459 3319 567 3383 juvenis,
585 3318 629 3387 qui
649 3330 678 3369 nt
697 3333 752 3366 ma·
801 3329 825 3362 v.
841 3328 867 3380 g.
882 3312 907 3364 in
920 3311 1017 3372 Ithaca,
1029 3309 1132 3362 ostendit
1144 3309 1292 3362 Turnebus.

264 3384 425 3438 thematicum
445 3387 467 3438 se
483 3389 597 3457 probaret
614 3385 679 3457 patri
699 3385 752 3447 suo,
801 3381 918 3434 Pithoeus
934 3393 1016 3432 autem
1028 3399 1043 3432 a
1054 3379 1143 3432 Proclo
1161 3380 1192 3430 ad
1203 3379 1292 3432 Eucli-

263 3465 373 3523 quatucr
390 3452 453 3507 forte
471 3457 525 3508 ovis
546 3456 631 3519 illatis,
650 3454 753 3507 ostendit
801 3451 857 3502 dem
867 3449 1001 3519 Polybium
1012 3449 1239 3520 Thucydidemque
1250 3449 1293 3500 de·

264 3540 293 3573 ea
313 3523 398 3576 decern
417 3524 469 3586 ell'e,
489 3543 546 3578 eum
568 3527 614 3578 ubi
637 3527 674 3578 IV
698 3521 753 3584 sint,
803 3519 940 3590 prehensos,
963 3520 1045 3574 docet.
1091 3519 1195 3572 Cautior
1221 3517 1295 3587 longe

264 3591 358 3644 ibidem
370 3603 394 3644 et
412 3595 454 3648 111
468 3594 522 3656 lint,
534 3607 558 3648 et
569 3598 608 3656 11,
619 3609 644 3647 et
656 3610 753 3657 unum,
803 3587 973 3650 Carnbdenus,
990 3602 1020 3640 nt
1040 3591 1086 3642 hoc
1105 3600 1170 3648 utar,
1189 3591 1213 3639 in
1235 3587 1293 3638 Bri-

264 3677 343 3713 unum
356 3673 472 3718 autemst
490 3667 519 3716 11
532 3677 555 3718 et
569 3667 612 3718 111
624 3677 649 3716 et
662 3664 699 3714 IV
711 3661 755 3714 de.
804 3659 897 3720 tannia,
909 3658 946 3709 sed
965 3677 1008 3710 nec
1022 3659 1061 3710 ille
1073 3659 1131 3710 satis
1149 3655 1209 3708 facit
1222 3657 1293 3708 Geo-

265 3748 320 3782 cem
341 3731 521 3786 consumment.
552 3735 632 3800 Cujus
653 3732 755 3802 quidem
803 3729 900 3782 metris.
930 3729 1066 3789 Nimirum,
1079 3729 1125 3798 qni
1135 3729 1177 3778 vix
1189 3725 1296 3794 attigere

265 3799 426 3856 subtilitatem
447 3803 561 3874 praeclare
583 3813 754 3854 remuneratus
803 3797 928 3868 pulverem
947 3798 1084 3858 eruditum,
1097 3797 1115 3848 ii
1133 3796 1222 3855 sciunt,
1236 3813 1296 3861 quae

265 3883 343 3946 patet,
362 3883 470 3940 quatuor
487 3873 537 3942 ipse
554 3874 608 3926 ovis
629 3871 710 3924 solidis
725 3882 756 3930 ¹et
804 3867 944 3937 aequalibns
965 3867 1083 3918 lateribus
1103 3865 1297 3934 circumscriptae

266 3944 384 4008 «tuaest,
402 3961 541 4013 contentus,
560 3950 598 4002 sex
616 3949 658 4001 illa
682 3941 757 4020 ancl,
804 3937 907 3990 nonunt
918 3955 989 3998 areae,
1001 3953 1041 3986 eas
1059 3931 1218 4017 intrtangula
1229 3933 1294 3984 divi-

265 4032 291 4072 et
310 4019 541 4074 mathematicorum
559 4021 707 4089 puudlorum
727 4021 755 4070 sr.
804 4007 905 4068 denda&
918 4023 1024 4076 qu⁰ffl¹¹¹
1041 4003 1127 4058 demde
1145 4002 1296 4083 fingulfflllm

266 4089 347 4152 milia,
362 4091 477 4144 esurienti
496 4089 682 4144 demonstratori
697 4089 756 4144 reli-
805 4076 906 4199 slllfflffl}
918 4094 948 4128 ex
962 4077 1012 4130 bast
1023 4087 1047 4130 et
1064 4071 1239 4150 Pespssssdlfflb
1250 4069 1296 4124 sml

266 4160 333 4230 quit.
804 4161 889 4200 ereren
908 4164 940 4199 π.

299 4247 346 4300 40.
363 4225 626 4300 repreberfihylorici]
644 4227 757 4284 Plinium
804 4281 807 4288 .
