3000 4908
247 321 307 398 ,3⁸
481 321 526 388 u.
548 323 673 386 rnen
698 275 1070 390 ‹atrruorrnmm¹

246 484 349 575 solent
376 485 446 555 illas
475 499 595 566 aetates,
624 489 802 556 anteferret.
847 488 1051 578 Quapropter
1077 488 1124 556 illi
1155 479 1270 573 dolori,

245 593 344 657 quem
359 595 399 638 ex
412 587 513 641 matre
526 575 659 660 optima,
675 582 770 662 atque'
785 576 909 642 laudem
927 598 1056 642 omnem
1070 577 1268 666 supergressa,

245 679 364 742 paucos
377 671 451 724 ante
469 661 590 724 menses
606 682 761 746 ceperam,
776 661 929 748 gratulor.
974 662 1085 726 Minus
1106 662 1191 726 enim
1213 665 1269 742 est,

245 742 333 828 quod
348 743 487 810 flendum
503 767 575 810 meo
589 745 730 822 nomine,
744 769 841 832 quam
855 743 942 834 quod
957 745 1041 810 illius
1059 747 1267 832 gaudendum
1323 749 1326 758 '

245 827 300 890 est.
344 829 419 894 Una
432 830 498 916 post
515 830 584 894 haec
599 829 809 896 Quinuiliani
824 831 887 896 mei
905 831 922 894 s
978 847 1014 896 ac
1036 831 1196 918 voluptate
1217 833 1303 914 tri-9

244 913 356 978 tebar:
379 925 413 978 et
432 927 556 1000 poterat
577 914 715 980 sufficere
737 915 858 980 solatio.
902 852 978 980 llldn
1002 917 1087 980 enim
1111 915 1267 998 flosculos,

245 996 326 1062 ficut
339 999 434 1084 prior,
450 999 578 1084 sedjam
594 999 754 1066 decimum
771 1001 873 1066 aetatis
888 999 1039 1088 ingressus
1053 1023 1185 1082 annum,
1201 1024 1268 1078 cers

244 1093 297 1146 tos
311 1095 408 1170 atque
422 1084 613 1150 deformatos
636 1084 758 1151 frustm
780 1085 966 1153 ostenderat.
1008 1087 1088 1150 Juro
1111 1087 1326 1172 pernatare

245 1189 329 1247 mea,
346 1191 402 1254 per
416 1169 575 1234 infelicem
591 1171 826 1248 conscientiam,
911 1169 983 1234 illos
999 1193 1120 1248 manes,
1136 1171 1268 1250 numina

245 1251 365 1318 doloris
388 1255 464 1333 mei,
479 1254 537 1320 has
561 1277 612 1320 me
636 1255 667 1318 in
692 1255 748 1320 illo
771 1193 897 1320 vidilleer
902 1254 1032 1320 virtutes
1053 1255 1186 1343 ingenii,
1202 1278 1267 1322 non

171 1371 175 1381 ·
243 1337 406 1404 modoad
468 1339 642 1426 rcipiendas
668 1339 857 1426 disciplinas,
882 1361 948 1428 quo
971 1339 1052 1404 nihil
1071 1341 1267 1427 praestantius

242 1423 393 1524 cognovi,
409 1447 429 1510 p
443 1425 545 1489 urima
559 1437 717 1514 expertus,
733 1425 888 1525 studiique
903 1415 970 1512 jam
988 1437 1058 1489 tum
1073 1446 1136 1488 non
1153 1423 1266 1504 coacti,

246 1507 363 1608 (serunt
382 1511 604 1596 praeceptores)
623 1508 674 1573 sed
694 1511 874 1596 probitatis,
889 1509 1029 1598 pietatis,
1046 1509 1265 1592 humanitatis,

241 1592 454 1674 liberalitatis,
471 1607 506 1660 ut
528 1594 651 1680 prorsus
674 1593 794 1682 posset*²
818 1592 913 1658 hinc¹
936 1591 996 1658 esse
1019 1594 1099 1660 tanti
1123 1594 1266 1661 fulminis

242 1693 369 1759 metus;
384 1679 472 1766 quod
483 1681 679 1745 observatum
694 1679 1027 1759 sereest,cucea1us
1044 1679 1190 1744 occidere
1204 1679 1266 1745 fes-

241 1762 377 1828 tinatam
390 1765 628 1844 maturitatem,
651 1780 684 1829 et
698 1765 758 1830 else
773 1763 999 1850 nescioquam,
1016 1787 1088 1851 quae
1110 1765 1128 1828 s
1144 1787 1177 1828 es
1192 1779 1265 1828 tana

241 1861 292 1913 tao
309 1847 469 1936 decerpat,
485 1849 648 1929 invidiam,
665 1873 705 1914 ne
726 1849 874 1916 videlicet
895 1849 989 1928 ultra,
1003 1871 1099 1935 quam
1121 1787 1264 1916 dominiJ

241 1933 353 1998 datum
367 1934 422 2012 est,
438 1934 538 1997 nostra
552 1936 764 2022 provehantur
775 1946 808 1999 ¹¹¹.
853 1935 958 2000 Etiam
980 1933 1034 1998 illa
1054 1933 1186 1998 fortuita
1205 1935 1263 2000 ad·
1282 1949 1320 1996 11

209 2087 211 2092 ,
241 2031 332 2084 erant
346 2018 464 2096 omnia,
480 2020 565 2100 vocis
579 2017 765 2106 jucunditas
780 2019 977 2106 claritasque,
993 2017 1056 2083 oris
1070 2018 1216 2100 suavitas,
1232 2031 1266 2086 et

240 2102 275 2166 in
292 2116 525 2188 utracumque¹¹
547 2103 671 2204 lingua,
687 2103 852 2192 tamquam
871 2105 910 2170 ad
927 2127 996 2170 eam
1015 2105 1146 2168 demum
1171 2119 1265 2170 natus

240 2189 328 2266 esset,
351 2188 488 2274 expressa
513 2201 687 2274 proprietas
713 2191 859 2254 onmium
886 2191 1060 2254 literarum.
1106 2187 1169 2254 Sed
1194 2189 1265 2256 h'aec

238 2273 308 2360 spes
322 2271 448 2337 adhuc:
471 2273 526 2336 illa
540 2275 668 2359 majora,
683 2275 864 2354 constantia,
880 2273 1029 2364 gravitas,
1045 2287 1156 2339 contra
1169 2273 1262 2339 doloss

240 2377 300 2422 res,
314 2357 410 2422 etiam
435 2379 471 2422 ac
495 2372 600 2424 metus
624 2361 731 2425 robur.
775 2361 861 2425 Nam
889 2382 954 2447 quo
977 2359 1031 2424 ille
1055 2359 1173 2440 animo,
1199 2383 1265 2459 qua

183 2513 188 2526 ¹
239 2443 439 2508 medicorum
454 2442 660 2509 admiratione
675 2446 827 2510 menfium
841 2445 914 2510 osio
929 2443 1142 2510 valetudinem
1162 2443 1236 2510 tulrt
1249 2447 1264 2523 l

238 2540 278 2592 ut
292 2551 345 2594 me
357 2529 392 2592 in
406 2529 557 2614 supremis
575 2529 754 2596 consolatus
775 2526 841 2594 est?
865 2552 962 2616 quam
981 2529 1078 2594 etiam
1100 2528 1262 2610 deficiens,

232 2612 391 2700 jamque⁰
407 2635 471 2677 non
486 2614 597 2691 noster,
613 2613 714 2700 ipsum
730 2613 821 2678 illum
835 2613 981 2679 alienatae
995 2614 1112 2680 mentis
1126 2635 1262 2680 errorem

240 2699 325 2763 circa
339 2698 417 2762 solas
433 2697 538 2762 literas
552 2697 687 2763 habuit?
710 2699 838 2770 Tuosne
852 2719 915 2786 ego
933 2699 976 2786 (Ο
1000 2721 1081 2764 meae
1103 2699 1171 2786 spes
1193 2697 1261 2763 ina·
1278 2708 1320 2762 12

239 2786 310 2865 nes)
340 2783 481 2848 labentes
504 2783 629 2860 oculos,
652 2795 743 2848 tuum
757 2787 774 2835 1’⁴
796 2783 973 2872 fugientem
1000 2783 1141 2871 spiritum
1168 2781 1260 2849 vidi?

237 2869 368 2934 Tuum?
390 2889 505 2952 corpus
527 2867 694 2956 frigidum,
718 2867 876 2956 exsangue
902 2869 1099 2956 complexus,
1123 2865 1263 2934 animam

237 2953 390 3040 recipere,
414 2974 587 3039 auramque
612 2975 815 3018 communem
839 2954 964 3020 haurire
987 2954 1123 3040 amplius
1145 2953 1261 3040 potui?
1331 3001 1333 3007 -

236 3037 358 3128 dignus
373 3037 423 3103 his
438 3037 643 3119 cruciatibus,
658 3059 739 3126 quos
754 3038 831 3119 sero,
847 3039 965 3128 dignus
984 3039 1034 3105 his
1056 3037 1263 3126 cogitatiom'-

272 3258 285 3288 ¹
303 3257 373 3319 poffit
383 3275 460 3316 omnes,
473 3257 612 3324 quodseiam.
629 3258 675 3306 sed
684 3259 757 3323 posset
768 3259 992 3326 eonfieutioflagitat.
1079 3257 1086 3290 ¹
1105 3261 1146 3309 hic
1157 3261 1262 3309 G..Jens.

238 3326 252 3426 1'
265 3325 362 3438 aand
424 3333 443 3362 m
459 3325 601 3386 provehatur
612 3323 643 3371 G.
724 3333 871 3390 nutranque
883 3326 913 3374 G.
993 3331 1145 3388 ‘’quamquc
1156 3326 1187 3374 G.
1198 3327 1265 3399 lens,

264 3569 303 3624 '8.
328 3527 367 3622 lta·
394 3559 627 3637 dolori-gratulor]
660 3541 737 3620 Illud*
776 3529 922 3624 traditorum
933 3567 1100 3639 cognoverim.

239 3639 282 3702 esi,
303 3640 372 3710 quod
393 3649 448 3690 ante
471 3641 533 3690 inter
552 3637 631 3716 solatii
651 3655 726 3718 argu·
812 3657 854 3690 ιι.
860 3637 962 3708 jamque
973 3656 1019 3720 noa
1029 3637 1116 3710 nister]
1130 3635 1181 3690 Cul
1192 3654 1261 3689 nern-

130 3744 135 3758 .
239 3721 323 3762 menta
333 3709 424 3780 posuit,
435 3705 503 3759 illam
513 3724 633 3766 mammos
649 3725 727 3761 cruct-
775 3725 805 3774 pe
823 3725 888 3760 mors
905 3724 992 3759 manus
1005 3725 1057 3772 Jarn
1074 3706 1195 3774 injecisset.
1223 3707 1259 3758 11.

239 3787 298 3832 atus
304 3775 427 3848 precipiti
436 3775 486 3826 via
496 3773 608 3844 ffugrffe.
774 3775 859 3828 lustrat
871 3776 1027 3838 eroannus
1045 3775 1087 3827 illo
1105 3775 1181 3828 Ovid.
1194 3775 1259 3828 Arta

278 3865 322 3898 ro.
339 3845 439 3900 numina
448 3843 535 3898 doloris
544 3844 604 3910 mei]
620 3845 725 3898 illustra·
775 3865 802 3906 a,
822 3862 865 3911 93.
893 3846 926 3897 At
938 3852 1014 3914 pater
1033 3843 1129 3912 irffelix,
1136 3846 1193 3915 jam
1212 3861 1260 3898 non

240 3915 358 3970 vit·hanc
377 3912 517 3978 formulam,
539 3925 666 3982 totamque
678 3923 726 3982 per
769 3913 1057 3983 pater‚lcare,clamat.
1226 3923 1232 3936 ’

240 4001 326 4038 manes
336 3982 444 4052 jurandi
462 3983 581 4036 rationem
598 4001 665 4037 more
682 3984 725 4036 suo
812 4001 852 4035 11.
871 3983 939 4035 circa
950 3981 1020 4054 solas
1036 3983 1134 4048 literas]
1155 3983 1186 4035 In
1203 3981 1259 4035 aliis

242 4053 409 4108 Burmannus.
773 4051 819 4105 srbi
836 4053 910 4108 rebus
929 4051 1046 4116 constitit,
1065 4061 1159 4122 patrem
1178 4051 1259 4115 novit,

279 4141 322 4175 ro.
343 4119 451 4191 patrima
468 4120 594 4190 expertus]
619 4121 671 4180 Qui
688 4131 726 4174 tot
774 4121 823 4176 &c

174 4247 180 4254 ,
241 4190 340 4264 ingenia
363 4192 482 4260 juvenum
502 4183 639 4262 disciplina
665 4207 725 4246 meae
