<?xml version="1.0" encoding="UTF-8"?>
<!DOCTYPE html PUBLIC "-//W3C//DTD XHTML 1.0 Transitional//EN"
    "http://www.w3.org/TR/xhtml1/DTD/xhtml1-transitional.dtd">
<html xmlns="http://www.w3.org/1999/xhtml" xml:lang="en" lang="en">
 <head>
  <title>
</title>
<meta http-equiv="Content-Type" content="text/html;charset=utf-8" />
  <meta name='ocr-system' content='tesseract 3.04.00' />
  <meta name='ocr-capabilities' content='ocr_page ocr_carea ocr_par ocr_line ocrx_word'/>
</head>
<body>
  <div class='ocr_page' id='page_1' title='image "./mfabiiquinctili00quingoog_0065.png"; bbox 0 0 2870 4916; ppageno 0'>
   <div class='ocr_carea' id='block_1_1' title="bbox 380 389 1196 455">
    <p class='ocr_par' dir='ltr' id='par_1_1' title="bbox 380 389 1196 455">
     <span class='ocr_line' id='line_1_1' title="bbox 380 389 1196 455; baseline 0 -3"><span class='ocrx_word' id='word_1_1' title='bbox 380 390 550 454; x_wconf 82' lang='lat' dir='ltr'><strong>INSTIT.</strong></span> <span class='ocrx_word' id='word_1_2' title='bbox 571 389 774 454; x_wconf 83' lang='lat' dir='ltr'>ORATOR.</span> <span class='ocrx_word' id='word_1_3' title='bbox 795 392 880 452; x_wconf 80' lang='lat' dir='ltr'>mu.</span> <span class='ocrx_word' id='word_1_4' title='bbox 896 394 922 454; x_wconf 90' lang='lat'>1.</span> <span class='ocrx_word' id='word_1_5' title='bbox 933 399 965 455; x_wconf 82' lang='grc' dir='ltr'>ἰ.</span> <span class='ocrx_word' id='word_1_6' title='bbox 1158 404 1196 452; x_wconf 78' lang='lat' dir='ltr'>at</span> 
     </span>
    </p>
   </div>
   <div class='ocr_carea' id='block_1_2' title="bbox 95 547 1274 2604">
    <p class='ocr_par' dir='ltr' id='par_1_2' title="bbox 143 547 1197 898">
     <span class='ocr_line' id='line_1_2' title="bbox 148 547 1197 644; baseline 0.006 -28"><span class='ocrx_word' id='word_1_7' title='bbox 148 547 319 620; x_wconf 77' lang='lat' dir='ltr'>admones</span> <span class='ocrx_word' id='word_1_8' title='bbox 335 551 406 642; x_wconf 84' lang='lat' dir='ltr'>jam</span> <span class='ocrx_word' id='word_1_9' title='bbox 427 553 589 643; x_wconf 75' lang='lat' dir='ltr'>pertinet?</span> <span class='ocrx_word' id='word_1_10' title='bbox 614 557 733 643; x_wconf 85' lang='lat' dir='ltr'>Neque</span> <span class='ocrx_word' id='word_1_11' title='bbox 755 556 882 644; x_wconf 83' lang='lat' dir='ltr'>ignoro,</span> <span class='ocrx_word' id='word_1_12' title='bbox 898 567 969 622; x_wconf 91' lang='lat' dir='ltr'>toto</span> <span class='ocrx_word' id='word_1_13' title='bbox 984 554 1053 635; x_wconf 92' lang='lat' dir='ltr'>illo,</span> <span class='ocrx_word' id='word_1_14' title='bbox 1069 553 1110 620; x_wconf 92' lang='lat' dir='ltr'>de</span> <span class='ocrx_word' id='word_1_15' title='bbox 1130 577 1197 643; x_wconf 90' lang='lat' dir='ltr'>quo</span> 
     </span>
     <span class='ocr_line' id='line_1_3' title="bbox 146 635 1196 740; baseline 0.005 -39"><span class='ocrx_word' id='word_1_16' title='bbox 146 635 284 723; x_wconf 90' lang='lat' dir='ltr'>loquor,</span> <span class='ocrx_word' id='word_1_17' title='bbox 300 651 448 728; x_wconf 87' lang='lat' dir='ltr'>tempore</span> <span class='ocrx_word' id='word_1_18' title='bbox 461 642 514 708; x_wconf 85' lang='lat' dir='ltr'>vix</span> <span class='ocrx_word' id='word_1_19' title='bbox 529 654 656 708; x_wconf 88' lang='lat' dir='ltr'>tantum</span> <span class='ocrx_word' id='word_1_20' title='bbox 671 642 767 720; x_wconf 89' lang='lat' dir='ltr'>effici,</span> <span class='ocrx_word' id='word_1_21' title='bbox 780 655 936 740; x_wconf 87' lang='lat' dir='ltr'>quantum</span> <span class='ocrx_word' id='word_1_22' title='bbox 952 640 1096 706; x_wconf 86' lang='lat' dir='ltr'>conferre</span> <span class='ocrx_word' id='word_1_23' title='bbox 1110 665 1196 706; x_wconf 82' lang='lat' dir='ltr'>unua</span> 
     </span>
     <span class='ocr_line' id='line_1_4' title="bbox 147 723 1195 814; baseline 0.005 -28"><span class='ocrx_word' id='word_1_24' title='bbox 147 723 262 807; x_wconf 84' lang='lat' dir='ltr'>postea</span> <span class='ocrx_word' id='word_1_25' title='bbox 283 726 379 812; x_wconf 75' lang='lat' dir='ltr'>possit</span> <span class='ocrx_word' id='word_1_26' title='bbox 401 749 527 792; x_wconf 84' lang='lat' dir='ltr'>annus:</span> <span class='ocrx_word' id='word_1_27' title='bbox 551 727 605 792; x_wconf 92' lang='lat' dir='ltr'>sed</span> <span class='ocrx_word' id='word_1_28' title='bbox 626 741 735 792; x_wconf 84' lang='lat' dir='ltr'>tamen</span> <span class='ocrx_word' id='word_1_29' title='bbox 756 727 848 807; x_wconf 81' lang='lat' dir='ltr'>mhi,</span> <span class='ocrx_word' id='word_1_30' title='bbox 864 728 920 814; x_wconf 91' lang='lat' dir='ltr'>qui</span> <span class='ocrx_word' id='word_1_31' title='bbox 940 727 999 790; x_wconf 70' lang='lat' dir='ltr'>idd</span> <span class='ocrx_word' id='word_1_32' title='bbox 1021 725 1195 807; x_wconf 87' lang='lat' dir='ltr'>senserunt,</span> 
     </span>
     <span class='ocr_line' id='line_1_5' title="bbox 143 807 1194 898; baseline -0.004 -18"><span class='ocrx_word' id='word_1_33' title='bbox 143 807 309 880; x_wconf 73' lang='lat' dir='ltr'>videntur</span> <span class='ocrx_word' id='word_1_34' title='bbox 322 833 389 878; x_wconf 90' lang='lat' dir='ltr'>non</span> <span class='ocrx_word' id='word_1_35' title='bbox 404 824 470 894; x_wconf 87' lang='lat' dir='ltr'>tam</span> <span class='ocrx_word' id='word_1_36' title='bbox 492 811 688 877; x_wconf 85' lang='lat' dir='ltr'>discentibus</span> <span class='ocrx_word' id='word_1_37' title='bbox 707 813 743 876; x_wconf 93' lang='lat' dir='ltr'>in</span> <span class='ocrx_word' id='word_1_38' title='bbox 757 812 818 878; x_wconf 89' lang='lat' dir='ltr'>hac</span> <span class='ocrx_word' id='word_1_39' title='bbox 838 827 938 898; x_wconf 89' lang='lat' dir='ltr'>parte,</span> <span class='ocrx_word' id='word_1_40' title='bbox 954 834 1052 898; x_wconf 84' lang='lat' dir='ltr'>quam</span> <span class='ocrx_word' id='word_1_41' title='bbox 1072 811 1194 876; x_wconf 73' lang='lat' dir='ltr'>docen-</span> 
     </span>
    </p>

    <p class='ocr_par' dir='ltr' id='par_1_3' title="bbox 97 884 1274 1326">
     <span class='ocr_line' id='line_1_6' title="bbox 97 884 1195 990; baseline 0.005 -34"><span class='ocrx_word' id='word_1_42' title='bbox 97 884 138 948; x_wconf 85' lang='lat'>18</span> <span class='ocrx_word' id='word_1_43' title='bbox 150 892 246 990; x_wconf 83' lang='lat' dir='ltr'>tibus</span> <span class='ocrx_word' id='word_1_44' title='bbox 259 917 300 982; x_wconf 88' lang='lat' dir='ltr'>pe</span> <span class='ocrx_word' id='word_1_45' title='bbox 343 897 442 962; x_wconf 85' lang='lat' dir='ltr'>reiffe.</span> <span class='ocrx_word' id='word_1_46' title='bbox 486 897 580 964; x_wconf 79' lang='lat' dir='ltr'>Quid</span> <span class='ocrx_word' id='word_1_47' title='bbox 593 897 708 964; x_wconf 88' lang='lat' dir='ltr'>melius</span> <span class='ocrx_word' id='word_1_48' title='bbox 723 897 786 962; x_wconf 88' lang='lat' dir='ltr'>alio</span> <span class='ocrx_word' id='word_1_49' title='bbox 811 897 844 962; x_wconf 91' lang='lat' dir='ltr'>ui</span> <span class='ocrx_word' id='word_1_50' title='bbox 860 897 989 975; x_wconf 89' lang='lat' dir='ltr'>facient,</span> <span class='ocrx_word' id='word_1_51' title='bbox 1005 920 1045 962; x_wconf 85' lang='lat' dir='ltr'>ex</span> <span class='ocrx_word' id='word_1_52' title='bbox 1063 920 1130 985; x_wconf 92' lang='lat' dir='ltr'>quo</span> <span class='ocrx_word' id='word_1_53' title='bbox 1144 897 1195 962; x_wconf 84' lang='lat' dir='ltr'>lo·</span> 
     </span>
     <span class='ocr_line' id='line_1_7' title="bbox 148 921 1274 1070; baseline 0 -26"><span class='ocrx_word' id='word_1_54' title='bbox 148 1000 214 1063; x_wconf 89' lang='lat' dir='ltr'>qur</span> <span class='ocrx_word' id='word_1_55' title='bbox 235 1003 279 1068; x_wconf 92' lang='lat' dir='ltr'>po</span> <span class='ocrx_word' id='word_1_56' title='bbox 314 985 415 1046; x_wconf 82' lang='lat' dir='ltr'>runt?</span> <span class='ocrx_word' id='word_1_57' title='bbox 440 983 570 1048; x_wconf 80' lang='lat' dir='ltr'>Faciant</span> <span class='ocrx_word' id='word_1_58' title='bbox 584 983 670 1046; x_wconf 88' lang='lat' dir='ltr'>enim</span> <span class='ocrx_word' id='word_1_59' title='bbox 685 921 810 1070; x_wconf 74' lang='lat' dir='ltr'>aliquid</span> <span class='ocrx_word' id='word_1_60' title='bbox 821 983 941 1048; x_wconf 82' lang='lat' dir='ltr'>necesse</span> <span class='ocrx_word' id='word_1_61' title='bbox 956 984 1009 1046; x_wconf 86' lang='lat' dir='ltr'>est.</span> <span class='ocrx_word' id='word_1_62' title='bbox 1054 983 1124 1048; x_wconf 89' lang='lat' dir='ltr'>Aut</span> <span class='ocrx_word' id='word_1_63' title='bbox 1138 975 1196 1047; x_wconf 78' lang='lat' dir='ltr'>bur</span> <span class='ocrx_word' id='word_1_64' title='bbox 1208 1022 1274 1044; x_wconf 43' lang='lat' dir='ltr'>-t</span> 
     </span>
     <span class='ocr_line' id='line_1_8' title="bbox 148 1061 1196 1155; baseline 0.006 -27"><span class='ocrx_word' id='word_1_65' title='bbox 148 1061 234 1144; x_wconf 91' lang='lat' dir='ltr'>hoc,</span> <span class='ocrx_word' id='word_1_66' title='bbox 244 1067 579 1154; x_wconf 88' lang='lat' dir='ltr'>quantulumcumque</span> <span class='ocrx_word' id='word_1_67' title='bbox 590 1067 755 1155; x_wconf 65' lang='lat' dir='ltr'>cibusque</span> <span class='ocrx_word' id='word_1_68' title='bbox 767 1068 809 1134; x_wconf 90' lang='lat' dir='ltr'>ad</span> <span class='ocrx_word' id='word_1_69' title='bbox 823 1069 941 1154; x_wconf 84' lang='lat' dir='ltr'>septem</span> <span class='ocrx_word' id='word_1_70' title='bbox 954 1089 1054 1132; x_wconf 89' lang='lat' dir='ltr'>annos</span> <span class='ocrx_word' id='word_1_71' title='bbox 1066 1068 1196 1134; x_wconf 87' lang='lat' dir='ltr'>lucrum</span> 
     </span>
     <span class='ocr_line' id='line_1_9' title="bbox 147 1135 1253 1240; baseline 0.002 -28"><span class='ocrx_word' id='word_1_72' title='bbox 147 1135 373 1218; x_wconf 82' lang='lat' dir='ltr'>fastidiainus?</span> <span class='ocrx_word' id='word_1_73' title='bbox 406 1155 492 1218; x_wconf 90' lang='lat' dir='ltr'>Nam</span> <span class='ocrx_word' id='word_1_74' title='bbox 513 1165 600 1218; x_wconf 88' lang='lat' dir='ltr'>certe</span> <span class='ocrx_word' id='word_1_75' title='bbox 620 1153 799 1240; x_wconf 83' lang='lat' dir='ltr'>quamlibet</span> <span class='ocrx_word' id='word_1_76' title='bbox 819 1175 929 1240; x_wconf 83' lang='lat' dir='ltr'>parum</span> <span class='ocrx_word' id='word_1_77' title='bbox 945 1153 994 1233; x_wconf 89' lang='lat' dir='ltr'>srt,</span> <span class='ocrx_word' id='word_1_78' title='bbox 1010 1152 1100 1240; x_wconf 91' lang='lat' dir='ltr'>quod</span> <span class='ocrx_word' id='word_1_79' title='bbox 1114 1174 1194 1218; x_wconf 87' lang='lat' dir='ltr'>con·</span> <span class='ocrx_word' id='word_1_80' title='bbox 1248 1207 1253 1214; x_wconf 90' lang='lat'><em>.</em></span> 
     </span>
     <span class='ocr_line' id='line_1_10' title="bbox 143 1234 1196 1326; baseline 0.007 -28"><span class='ocrx_word' id='word_1_81' title='bbox 143 1234 270 1302; x_wconf 89' lang='lat' dir='ltr'>tulerit</span> <span class='ocrx_word' id='word_1_82' title='bbox 283 1249 361 1302; x_wconf 81' lang='lat' dir='ltr'>setas</span> <span class='ocrx_word' id='word_1_83' title='bbox 376 1239 473 1325; x_wconf 87' lang='lat' dir='ltr'>prior,</span> <span class='ocrx_word' id='word_1_84' title='bbox 489 1236 609 1302; x_wconf 83' lang='lat' dir='ltr'>ma&#39;ora</span> <span class='ocrx_word' id='word_1_85' title='bbox 622 1252 729 1304; x_wconf 85' lang='lat' dir='ltr'>tamen</span> <span class='ocrx_word' id='word_1_86' title='bbox 745 1239 852 1324; x_wconf 86' lang='lat' dir='ltr'>aliqua</span> <span class='ocrx_word' id='word_1_87' title='bbox 866 1239 964 1312; x_wconf 81' lang='lat' dir='ltr'>discet</span> <span class='ocrx_word' id='word_1_88' title='bbox 979 1261 1058 1326; x_wconf 88' lang='lat' dir='ltr'>puer</span> <span class='ocrx_word' id='word_1_89' title='bbox 1072 1259 1111 1304; x_wconf 92' lang='lat' dir='ltr'>eo</span> <span class='ocrx_word' id='word_1_90' title='bbox 1128 1238 1196 1325; x_wconf 88' lang='lat' dir='ltr'>ipso</span> 
     </span>
    </p>

    <p class='ocr_par' dir='ltr' id='par_1_4' title="bbox 95 1261 1268 1811">
     <span class='ocr_line' id='line_1_11' title="bbox 95 1261 1194 1411; baseline 0.002 -25"><span class='ocrx_word' id='word_1_91' title='bbox 95 1331 137 1400; x_wconf 88' lang='lat'>19</span> <span class='ocrx_word' id='word_1_92' title='bbox 147 1341 256 1401; x_wconf 82' lang='lat' dir='ltr'>anuo,</span> <span class='ocrx_word' id='word_1_93' title='bbox 271 1345 337 1408; x_wconf 93' lang='lat' dir='ltr'>quo</span> <span class='ocrx_word' id='word_1_94' title='bbox 351 1323 475 1388; x_wconf 89' lang='lat' dir='ltr'>minora</span> <span class='ocrx_word' id='word_1_95' title='bbox 487 1261 654 1391; x_wconf 76' lang='lat' dir='ltr'>didciffet.</span> <span class='ocrx_word' id='word_1_96' title='bbox 691 1326 766 1388; x_wconf 92' lang='lat' dir='ltr'>Hoc</span> <span class='ocrx_word' id='word_1_97' title='bbox 776 1345 837 1409; x_wconf 94' lang='lat' dir='ltr'>-per</span> <span class='ocrx_word' id='word_1_98' title='bbox 851 1324 992 1411; x_wconf 78' lang='lat' dir='ltr'>singulos</span> <span class='ocrx_word' id='word_1_99' title='bbox 1006 1345 1106 1388; x_wconf 87' lang='lat' dir='ltr'>annos</span> <span class='ocrx_word' id='word_1_100' title='bbox 1119 1344 1194 1408; x_wconf 88' lang='lat' dir='ltr'>pro·</span> 
     </span>
     <span class='ocr_line' id='line_1_12' title="bbox 148 1391 1268 1495; baseline 0.004 -26"><span class='ocrx_word' id='word_1_101' title='bbox 148 1421 320 1492; x_wconf 88' lang='lat' dir='ltr'>rogatum,</span> <span class='ocrx_word' id='word_1_102' title='bbox 343 1409 377 1472; x_wconf 90' lang='lat' dir='ltr'>in</span> <span class='ocrx_word' id='word_1_103' title='bbox 402 1409 560 1474; x_wconf 89' lang='lat' dir='ltr'>summam</span> <span class='ocrx_word' id='word_1_104' title='bbox 582 1391 730 1495; x_wconf 62' lang='lat' dir='ltr'>profi&#39;cit:</span> <span class='ocrx_word' id='word_1_105' title='bbox 762 1424 796 1474; x_wconf 90' lang='lat' dir='ltr'>et</span> <span class='ocrx_word' id='word_1_106' title='bbox 821 1424 979 1495; x_wconf 90' lang='lat' dir='ltr'>quantum</span> <span class='ocrx_word' id='word_1_107' title='bbox 1004 1407 1038 1472; x_wconf 92' lang='lat' dir='ltr'>in</span> <span class='ocrx_word' id='word_1_108' title='bbox 1060 1407 1268 1474; x_wconf 72' lang='lat' dir='ltr'>infantia-</span> 
     </span>
     <span class='ocr_line' id='line_1_13' title="bbox 147 1492 1195 1582; baseline 0.006 -28"><span class='ocrx_word' id='word_1_109' title='bbox 147 1492 365 1576; x_wconf 72' lang='lat' dir='ltr'>praesumtum</span> <span class='ocrx_word' id='word_1_110' title='bbox 384 1495 427 1560; x_wconf 86' lang='lat' dir='ltr'>est</span> <span class='ocrx_word' id='word_1_111' title='bbox 446 1493 612 1581; x_wconf 87' lang='lat' dir='ltr'>temporis,</span> <span class='ocrx_word' id='word_1_112' title='bbox 630 1493 850 1558; x_wconf 76' lang='lat' dir='ltr'>adolescentiae</span> <span class='ocrx_word' id='word_1_113' title='bbox 870 1492 1057 1582; x_wconf 86' lang='lat' dir='ltr'>acquiritur.</span> <span class='ocrx_word' id='word_1_114' title='bbox 1102 1494 1195 1560; x_wconf 86' lang='lat' dir='ltr'>Idem</span> 
     </span>
     <span class='ocr_line' id='line_1_14' title="bbox 146 1576 1261 1666; baseline 0.004 -26"><span class='ocrx_word' id='word_1_115' title='bbox 146 1576 256 1642; x_wconf 88' lang='lat' dir='ltr'>etiam</span> <span class='ocrx_word' id='word_1_116' title='bbox 272 1577 313 1642; x_wconf 91' lang='lat' dir='ltr'>de</span> <span class='ocrx_word' id='word_1_117' title='bbox 327 1579 532 1665; x_wconf 82' lang='lat' dir='ltr'>sequentibus</span> <span class='ocrx_word' id='word_1_118' title='bbox 547 1579 640 1644; x_wconf 87' lang='lat' dir='ltr'>annis</span> <span class='ocrx_word' id='word_1_119' title='bbox 653 1591 855 1666; x_wconf 88' lang='lat' dir='ltr'>-praeceptum</span> <span class='ocrx_word' id='word_1_120' title='bbox 873 1581 929 1644; x_wconf 76' lang='lat' dir='ltr'>sit:</span> <span class='ocrx_word' id='word_1_121' title='bbox 952 1601 992 1644; x_wconf 89' lang='lat' dir='ltr'>ne</span> <span class='ocrx_word' id='word_1_122' title='bbox 1013 1577 1102 1664; x_wconf 93' lang='lat' dir='ltr'>quod</span> <span class='ocrx_word' id='word_1_123' title='bbox 1122 1579 1261 1644; x_wconf 39' lang='lat' dir='ltr'>cuir*</span> 
     </span>
     <span class='ocr_line' id='line_1_15' title="bbox 148 1662 1194 1811; baseline 0.002 -85"><span class='ocrx_word' id='word_1_124' title='bbox 148 1662 423 1811; x_wconf 51' lang='lat' dir='ltr'>qudiscendum</span> <span class='ocrx_word' id='word_1_125' title='bbox 445 1666 500 1746; x_wconf 90' lang='lat' dir='ltr'>est,</span> <span class='ocrx_word' id='word_1_126' title='bbox 514 1665 581 1730; x_wconf 87' lang='lat' dir='ltr'>sero</span> <span class='ocrx_word' id='word_1_127' title='bbox 596 1664 714 1730; x_wconf 90' lang='lat' dir='ltr'>discere</span> <span class='ocrx_word' id='word_1_128' title='bbox 735 1665 878 1752; x_wconf 82' lang='lat' dir='ltr'>incipiat.</span> <span class='ocrx_word' id='word_1_129' title='bbox 910 1667 999 1750; x_wconf 62' lang='lat' dir='ltr'>3N0n</span> <span class='ocrx_word' id='word_1_130' title='bbox 1022 1685 1101 1750; x_wconf 86' lang='lat' dir='ltr'>ergo</span> <span class='ocrx_word' id='word_1_131' title='bbox 1119 1685 1194 1749; x_wconf 82' lang='lat' dir='ltr'>per·</span> 
     </span>
    </p>

    <p class='ocr_par' dir='ltr' id='par_1_5' title="bbox 149 1749 1263 1915">
     <span class='ocr_line' id='line_1_16' title="bbox 232 1749 1193 1836; baseline 0.003 -24"><span class='ocrx_word' id='word_1_132' title='bbox 232 1770 273 1812; x_wconf 86' lang='lat' dir='ltr'>us</span> <span class='ocrx_word' id='word_1_133' title='bbox 298 1750 440 1836; x_wconf 84' lang='lat' dir='ltr'>primum</span> <span class='ocrx_word' id='word_1_134' title='bbox 465 1749 566 1815; x_wconf 87' lang='lat' dir='ltr'>statim</span> <span class='ocrx_word' id='word_1_135' title='bbox 593 1763 744 1835; x_wconf 84' lang='lat' dir='ltr'>tempus:</span> <span class='ocrx_word' id='word_1_136' title='bbox 774 1763 871 1836; x_wconf 88' lang='lat' dir='ltr'>atque</span> <span class='ocrx_word' id='word_1_137' title='bbox 895 1771 935 1816; x_wconf 92' lang='lat' dir='ltr'>eo</span> <span class='ocrx_word' id='word_1_138' title='bbox 958 1750 1079 1826; x_wconf 80' lang='lat' dir='ltr'>minus,</span> <span class='ocrx_word' id='word_1_139' title='bbox 1103 1749 1193 1836; x_wconf 90' lang='lat' dir='ltr'>quod</span> 
     </span>
     <span class='ocr_line' id='line_1_17' title="bbox 149 1830 1263 1915; baseline 0.005 -21"><span class='ocrx_word' id='word_1_140' title='bbox 149 1830 248 1898; x_wconf 89' lang='lat' dir='ltr'>initia</span> <span class='ocrx_word' id='word_1_141' title='bbox 270 1833 434 1900; x_wconf 84' lang='lat' dir='ltr'>literarum</span> <span class='ocrx_word' id='word_1_142' title='bbox 462 1835 527 1900; x_wconf 88' lang='lat' dir='ltr'>sola</span> <span class='ocrx_word' id='word_1_143' title='bbox 552 1834 707 1900; x_wconf 87' lang='lat' dir='ltr'>memoria</span> <span class='ocrx_word' id='word_1_144' title='bbox 731 1835 884 1915; x_wconf 89' lang='lat' dir='ltr'>constant,</span> <span class='ocrx_word' id='word_1_145' title='bbox 934 1856 983 1898; x_wconf 82' lang='lat' dir='ltr'>uae</span> <span class='ocrx_word' id='word_1_146' title='bbox 1007 1857 1071 1898; x_wconf 91' lang='lat' dir='ltr'>non</span> <span class='ocrx_word' id='word_1_147' title='bbox 1093 1833 1263 1900; x_wconf 52' lang='lat' dir='ltr'>modo-*-</span> 
     </span>
    </p>

    <p class='ocr_par' dir='ltr' id='par_1_6' title="bbox 98 1915 1194 2604">
     <span class='ocr_line' id='line_1_18' title="bbox 98 1915 1194 2006; baseline 0.005 -28"><span class='ocrx_word' id='word_1_148' title='bbox 98 1927 140 1978; x_wconf 73' lang='lat'>20</span> <span class='ocrx_word' id='word_1_149' title='bbox 143 1915 222 2002; x_wconf 89' lang='lat' dir='ltr'>jam</span> <span class='ocrx_word' id='word_1_150' title='bbox 235 1919 281 1982; x_wconf 84' lang='lat' dir='ltr'>est</span> <span class='ocrx_word' id='word_1_151' title='bbox 296 1919 331 1985; x_wconf 89' lang='lat' dir='ltr'>in</span> <span class='ocrx_word' id='word_1_152' title='bbox 352 1920 454 2006; x_wconf 86' lang='lat' dir='ltr'>parvis</span> <span class='ocrx_word' id='word_1_153' title='bbox 464 1933 488 2001; x_wconf 70' lang='lat'>⁶,</span> <span class='ocrx_word' id='word_1_154' title='bbox 504 1920 558 1986; x_wconf 87' lang='lat' dir='ltr'>sed</span> <span class='ocrx_word' id='word_1_155' title='bbox 578 1933 650 1986; x_wconf 92' lang='lat' dir='ltr'>tum</span> <span class='ocrx_word' id='word_1_156' title='bbox 670 1920 768 1986; x_wconf 89' lang='lat' dir='ltr'>etiam</span> <span class='ocrx_word' id='word_1_157' title='bbox 790 1920 895 1984; x_wconf 88' lang='lat' dir='ltr'>tenaci</span> <span class='ocrx_word' id='word_1_158' title='bbox 918 1942 984 1984; x_wconf 81' lang='lat' dir='ltr'>rma</span> <span class='ocrx_word' id='word_1_159' title='bbox 1000 1921 1054 1983; x_wconf 90' lang='lat' dir='ltr'>est.</span> <span class='ocrx_word' id='word_1_160' title='bbox 1098 1919 1194 1986; x_wconf 68' lang='lat' dir='ltr'>Nec-r</span> 
     </span>
     <span class='ocr_line' id='line_1_19' title="bbox 148 2002 1193 2094; baseline 0 -26"><span class='ocrx_word' id='word_1_161' title='bbox 148 2003 223 2068; x_wconf 83' lang='lat' dir='ltr'>su&#39;m</span> <span class='ocrx_word' id='word_1_162' title='bbox 246 2003 328 2070; x_wconf 89' lang='lat' dir='ltr'>adeo</span> <span class='ocrx_word' id='word_1_163' title='bbox 348 2018 480 2072; x_wconf 85' lang='lat' dir='ltr'>aetatum</span> <span class='ocrx_word' id='word_1_164' title='bbox 501 2005 700 2094; x_wconf 88' lang='lat' dir='ltr'>imprudens,</span> <span class='ocrx_word' id='word_1_165' title='bbox 720 2018 757 2084; x_wconf 87' lang='lat' dir='ltr'>ut</span> <span class='ocrx_word' id='word_1_166' title='bbox 776 2004 956 2070; x_wconf 84' lang='lat' dir='ltr'>instandum</span> <span class='ocrx_word' id='word_1_167' title='bbox 979 2002 1095 2068; x_wconf 85' lang='lat' dir='ltr'>teneris</span> <span class='ocrx_word' id='word_1_168' title='bbox 1116 2025 1193 2090; x_wconf 53' lang='lat' dir='ltr'>prov</span> 
     </span>
     <span class='ocr_line' id='line_1_20' title="bbox 149 2087 1193 2178; baseline 0.006 -26"><span class='ocrx_word' id='word_1_169' title='bbox 149 2087 245 2156; x_wconf 88' lang='lat' dir='ltr'>tinus</span> <span class='ocrx_word' id='word_1_170' title='bbox 271 2089 388 2156; x_wconf 82' lang='lat' dir='ltr'>acerbe</span> <span class='ocrx_word' id='word_1_171' title='bbox 415 2105 540 2176; x_wconf 86' lang='lat' dir='ltr'>putem,</span> <span class='ocrx_word' id='word_1_172' title='bbox 569 2090 827 2178; x_wconf 80' lang='lat' dir='ltr'>exigendamque</span> <span class='ocrx_word' id='word_1_173' title='bbox 861 2089 1015 2177; x_wconf 68' lang='lat' dir='ltr'>plenamss</span> <span class='ocrx_word' id='word_1_174' title='bbox 1048 2093 1193 2174; x_wconf 56' lang='lat' dir='ltr'>operam}</span> 
     </span>
     <span class='ocr_line' id='line_1_21' title="bbox 149 2173 1194 2262; baseline 0 -22"><span class='ocrx_word' id='word_1_175' title='bbox 149 2173 246 2240; x_wconf 88' lang='lat' dir='ltr'>Nam</span> <span class='ocrx_word' id='word_1_176' title='bbox 260 2173 295 2240; x_wconf 90' lang='lat' dir='ltr'>id</span> <span class='ocrx_word' id='word_1_177' title='bbox 316 2175 349 2238; x_wconf 90' lang='lat' dir='ltr'>in</span> <span class='ocrx_word' id='word_1_178' title='bbox 371 2176 483 2262; x_wconf 83' lang='lat' dir='ltr'>primis</span> <span class='ocrx_word' id='word_1_179' title='bbox 496 2179 609 2242; x_wconf 71' lang='lat' dir='ltr'>caiere</span> <span class='ocrx_word' id='word_1_180' title='bbox 630 2177 803 2262; x_wconf 88' lang='lat' dir='ltr'>oportebit,</span> <span class='ocrx_word' id='word_1_181' title='bbox 819 2197 861 2240; x_wconf 90' lang='lat' dir='ltr'>ne</span> <span class='ocrx_word' id='word_1_182' title='bbox 883 2175 993 2255; x_wconf 86' lang='lat' dir='ltr'>studia,</span> <span class='ocrx_word' id='word_1_183' title='bbox 1008 2174 1066 2260; x_wconf 91' lang='lat' dir='ltr'>qui</span> <span class='ocrx_word' id='word_1_184' title='bbox 1087 2195 1194 2240; x_wconf 85' lang='lat' dir='ltr'>amare</span> 
     </span>
     <span class='ocr_line' id='line_1_22' title="bbox 149 2257 1192 2347; baseline 0.004 -25"><span class='ocrx_word' id='word_1_185' title='bbox 149 2257 302 2324; x_wconf 89' lang='lat' dir='ltr'>noudum</span> <span class='ocrx_word' id='word_1_186' title='bbox 315 2262 426 2346; x_wconf 83' lang='lat' dir='ltr'>potest,</span> <span class='ocrx_word' id='word_1_187' title='bbox 436 2261 552 2342; x_wconf 88' lang='lat' dir='ltr'>oderit,</span> <span class='ocrx_word' id='word_1_188' title='bbox 560 2273 594 2326; x_wconf 88' lang='lat' dir='ltr'>et</span> <span class='ocrx_word' id='word_1_189' title='bbox 604 2261 850 2328; x_wconf 79' lang='lat' dir='ltr'>amaritudinem</span> <span class='ocrx_word' id='word_1_190' title='bbox 858 2260 955 2326; x_wconf 87' lang='lat' dir='ltr'>semel</span> <span class='ocrx_word' id='word_1_191' title='bbox 965 2259 1192 2347; x_wconf 60' lang='lat' dir='ltr'>praeoeptami,</span> 
     </span>
     <span class='ocr_line' id='line_1_23' title="bbox 150 2343 1194 2426; baseline 0.003 -19"><span class='ocrx_word' id='word_1_192' title='bbox 150 2343 254 2410; x_wconf 91' lang='lat' dir='ltr'>etiam</span> <span class='ocrx_word' id='word_1_193' title='bbox 277 2345 362 2410; x_wconf 88' lang='lat' dir='ltr'>ultra</span> <span class='ocrx_word' id='word_1_194' title='bbox 382 2347 478 2413; x_wconf 83' lang='lat' dir='ltr'>rudes</span> <span class='ocrx_word' id='word_1_195' title='bbox 499 2367 613 2426; x_wconf 86' lang='lat' dir='ltr'>annos,</span> <span class='ocrx_word' id='word_1_196' title='bbox 633 2345 830 2414; x_wconf 76' lang='lat' dir='ltr'>reformdet.</span> <span class='ocrx_word' id='word_1_197' title='bbox 874 2346 976 2412; x_wconf 81' lang='lat' dir='ltr'>Lusus</span> <span class='ocrx_word' id='word_1_198' title='bbox 999 2345 1054 2410; x_wconf 88' lang='lat' dir='ltr'>hie</span> <span class='ocrx_word' id='word_1_199' title='bbox 1078 2344 1137 2410; x_wconf 75' lang='lat' dir='ltr'>srtr</span> <span class='ocrx_word' id='word_1_200' title='bbox 1157 2354 1194 2410; x_wconf 84' lang='lat' dir='ltr'>et</span> 
     </span>
     <span class='ocr_line' id='line_1_24' title="bbox 152 2428 1192 2530; baseline 0.002 -38"><span class='ocrx_word' id='word_1_201' title='bbox 152 2442 303 2517; x_wconf 83' lang='lat' dir='ltr'>rogetur,</span> <span class='ocrx_word' id='word_1_202' title='bbox 318 2443 353 2496; x_wconf 90' lang='lat' dir='ltr'>et</span> <span class='ocrx_word' id='word_1_203' title='bbox 366 2431 524 2512; x_wconf 80' lang='lat' dir='ltr'>laudetur,</span> <span class='ocrx_word' id='word_1_204' title='bbox 539 2444 574 2496; x_wconf 91' lang='lat' dir='ltr'>et</span> <span class='ocrx_word' id='word_1_205' title='bbox 588 2453 764 2516; x_wconf 88' lang='lat' dir='ltr'>numquam</span> <span class='ocrx_word' id='word_1_206' title='bbox 779 2432 862 2498; x_wconf 77' lang='lat' dir='ltr'>noni</span> <span class='ocrx_word' id='word_1_207' title='bbox 884 2428 1011 2530; x_wconf 34' lang='grc' dir='ltr'>ἷοῇίξςιξᾳ</span> <span class='ocrx_word' id='word_1_208' title='bbox 1032 2429 1192 2515; x_wconf 73' lang='lat' dir='ltr'>gaudente</span> 
     </span>
     <span class='ocr_line' id='line_1_25' title="bbox 151 2510 1193 2604; baseline -0.002 -22"><span class='ocrx_word' id='word_1_209' title='bbox 151 2512 330 2602; x_wconf 84' lang='lat' dir='ltr'>aliquando</span> <span class='ocrx_word' id='word_1_210' title='bbox 349 2515 562 2604; x_wconf 85' lang='lat' dir='ltr'>ipso-nolente</span> <span class='ocrx_word' id='word_1_211' title='bbox 575 2516 728 2584; x_wconf 84' lang='lat' dir='ltr'>doceatur</span> <span class='ocrx_word' id='word_1_212' title='bbox 741 2516 834 2598; x_wconf 87' lang='lat' dir='ltr'>alius,</span> <span class='ocrx_word' id='word_1_213' title='bbox 850 2517 905 2584; x_wconf 89' lang='lat' dir='ltr'>cui</span> <span class='ocrx_word' id='word_1_214' title='bbox 925 2510 1088 2583; x_wconf 77' lang='lat' dir='ltr'>invideat:</span> <span class='ocrx_word' id='word_1_215' title='bbox 1112 2534 1193 2582; x_wconf 71' lang='lat' dir='ltr'>ceu·</span> 
     </span>
    </p>
   </div>
   <div class='ocr_carea' id='block_1_3' title="bbox 136 2719 1192 2882">
    <p class='ocr_par' dir='ltr' id='par_1_7' title="bbox 136 2719 1192 2882">
     <span class='ocr_line' id='line_1_26' title="bbox 136 2719 1192 2826; baseline 0 -26"><span class='ocrx_word' id='word_1_216' title='bbox 136 2814 140 2826; x_wconf 43' lang='grc' dir='ltr'><strong><em>Ι</em></strong></span> <span class='ocrx_word' id='word_1_217' title='bbox 187 2748 269 2802; x_wconf 63' lang='lat' dir='ltr'>‘hoc</span> <span class='ocrx_word' id='word_1_218' title='bbox 281 2751 313 2810; x_wconf 83' lang='lat' dir='ltr'>G.</span> <span class='ocrx_word' id='word_1_219' title='bbox 379 2749 488 2816; x_wconf 68' lang='lat' dir='ltr'>e&#39;pueris</span> <span class='ocrx_word' id='word_1_220' title='bbox 498 2753 529 2802; x_wconf 90' lang='lat' dir='ltr'>G.</span> <span class='ocrx_word' id='word_1_221' title='bbox 595 2752 672 2804; x_wconf 77' lang='lat' dir='ltr'>fnon</span> <span class='ocrx_word' id='word_1_222' title='bbox 684 2755 715 2803; x_wconf 90' lang='lat' dir='ltr'>G.</span> <span class='ocrx_word' id='word_1_223' title='bbox 728 2765 749 2802; x_wconf 82' lang='lat' dir='ltr'>et</span> <span class='ocrx_word' id='word_1_224' title='bbox 759 2753 791 2802; x_wconf 82' lang='lat' dir='ltr'>al.</span> <span class='ocrx_word' id='word_1_225' title='bbox 803 2763 838 2816; x_wconf 79' lang='lat' dir='ltr'>ap.</span> <span class='ocrx_word' id='word_1_226' title='bbox 851 2753 909 2801; x_wconf 82' lang='lat' dir='ltr'>Bur.</span> <span class='ocrx_word' id='word_1_227' title='bbox 975 2719 1071 2814; x_wconf 77' lang='lat' dir='ltr'>¹plane</span> <span class='ocrx_word' id='word_1_228' title='bbox 1083 2753 1114 2800; x_wconf 86' lang='lat' dir='ltr'>G.</span> <span class='ocrx_word' id='word_1_229' title='bbox 1126 2760 1148 2797; x_wconf 78' lang='lat' dir='ltr'>et</span> <span class='ocrx_word' id='word_1_230' title='bbox 1158 2747 1192 2800; x_wconf 64' lang='lat' dir='ltr'>al,</span> 
     </span>
     <span class='ocr_line' id='line_1_27' title="bbox 153 2817 1190 2882; baseline -0.004 -16"><span class='ocrx_word' id='word_1_231' title='bbox 153 2819 265 2882; x_wconf 61' lang='grc' dir='ltr'>εμπ.</span> <span class='ocrx_word' id='word_1_232' title='bbox 332 2817 503 2881; x_wconf 67' lang='lat' dir='ltr'>hperceptam</span> <span class='ocrx_word' id='word_1_233' title='bbox 515 2820 546 2867; x_wconf 89' lang='lat' dir='ltr'>G.</span> <span class='ocrx_word' id='word_1_234' title='bbox 555 2829 578 2867; x_wconf 79' lang='lat' dir='ltr'>et</span> <span class='ocrx_word' id='word_1_235' title='bbox 588 2819 620 2869; x_wconf 83' lang='lat' dir='ltr'>al.</span> <span class='ocrx_word' id='word_1_236' title='bbox 688 2819 751 2868; x_wconf 72' lang='lat' dir='ltr'>iSic</span> <span class='ocrx_word' id='word_1_237' title='bbox 762 2821 793 2866; x_wconf 90' lang='lat' dir='ltr'>G.</span> <span class='ocrx_word' id='word_1_238' title='bbox 805 2833 856 2866; x_wconf 91' lang='lat' dir='ltr'>non</span> <span class='ocrx_word' id='word_1_239' title='bbox 867 2831 994 2879; x_wconf 87' lang='lat' dir='ltr'>nunquam</span> <span class='ocrx_word' id='word_1_240' title='bbox 1006 2819 1063 2865; x_wconf 83' lang='lat' dir='ltr'>Bur.</span> <span class='ocrx_word' id='word_1_241' title='bbox 1186 2823 1190 2830; x_wconf 93' lang='grc'><em>“</em></span> 
     </span>
    </p>
   </div>
   <div class='ocr_carea' id='block_1_4' title="bbox 153 3001 1192 3291">
    <p class='ocr_par' dir='ltr' id='par_1_8' title="bbox 153 3001 1192 3291">
     <span class='ocr_line' id='line_1_28' title="bbox 193 3001 1192 3084; baseline 0 -20"><span class='ocrx_word' id='word_1_242' title='bbox 193 3031 239 3079; x_wconf 83' lang='lat'>19.</span> <span class='ocrx_word' id='word_1_243' title='bbox 258 3005 285 3065; x_wconf 81' lang='lat' dir='ltr'>in</span> <span class='ocrx_word' id='word_1_244' title='bbox 293 3011 417 3084; x_wconf 70' lang='lat' dir='ltr'>stammam</span> <span class='ocrx_word' id='word_1_245' title='bbox 427 3008 537 3084; x_wconf 75' lang='lat' dir='ltr'>proficit]</span> <span class='ocrx_word' id='word_1_246' title='bbox 556 3009 651 3066; x_wconf 84' lang='lat' dir='ltr'>Avidis</span> <span class='ocrx_word' id='word_1_247' title='bbox 672 3001 674 3010; x_wconf 54' lang='lat'><strong>¹</strong></span> <span class='ocrx_word' id='word_1_248' title='bbox 699 3011 777 3076; x_wconf 91' lang='lat' dir='ltr'>Puto,</span> <span class='ocrx_word' id='word_1_249' title='bbox 794 3013 891 3082; x_wconf 84' lang='lat' dir='ltr'>quoties</span> <span class='ocrx_word' id='word_1_250' title='bbox 911 3009 994 3064; x_wconf 84' lang='lat' dir='ltr'>scivit=</span> <span class='ocrx_word' id='word_1_251' title='bbox 1022 3022 1047 3064; x_wconf 85' lang='lat' dir='ltr'>et</span> <span class='ocrx_word' id='word_1_252' title='bbox 1064 3009 1192 3064; x_wconf 82' lang='lat' dir='ltr'>sublevan-</span> 
     </span>
     <span class='ocr_line' id='line_1_29' title="bbox 153 3079 1192 3154; baseline -0.004 -18"><span class='ocrx_word' id='word_1_253' title='bbox 153 3079 291 3154; x_wconf 79' lang='lat' dir='ltr'>&#39;parentum</span> <span class='ocrx_word' id='word_1_254' title='bbox 307 3085 373 3135; x_wconf 83' lang='lat' dir='ltr'>votis</span> <span class='ocrx_word' id='word_1_255' title='bbox 391 3085 489 3152; x_wconf 77' lang='lat' dir='ltr'>gnatius</span> <span class='ocrx_word' id='word_1_256' title='bbox 508 3083 555 3136; x_wconf 80' lang='lat' dir='ltr'>sine</span> <span class='ocrx_word' id='word_1_257' title='bbox 573 3083 652 3134; x_wconf 91' lang='lat' dir='ltr'>dubio</span> <span class='ocrx_word' id='word_1_258' title='bbox 699 3083 761 3134; x_wconf 94' lang='lat' dir='ltr'>dum</span> <span class='ocrx_word' id='word_1_259' title='bbox 786 3083 840 3145; x_wconf 86' lang='lat' dir='ltr'>esse,</span> <span class='ocrx_word' id='word_1_260' title='bbox 862 3082 1046 3150; x_wconf 87' lang='lat' dir='ltr'>acuendamque</span> <span class='ocrx_word' id='word_1_261' title='bbox 1074 3084 1192 3133; x_wconf 85' lang='lat' dir='ltr'>attentio-</span> 
     </span>
     <span class='ocr_line' id='line_1_30' title="bbox 156 3149 1191 3222; baseline -0.004 -17"><span class='ocrx_word' id='word_1_262' title='bbox 156 3153 201 3214; x_wconf 82' lang='lat' dir='ltr'>est,</span> <span class='ocrx_word' id='word_1_263' title='bbox 221 3149 301 3204; x_wconf 89' lang='lat' dir='ltr'>filium</span> <span class='ocrx_word' id='word_1_264' title='bbox 321 3154 364 3220; x_wconf 90' lang='lat' dir='ltr'>(ut</span> <span class='ocrx_word' id='word_1_265' title='bbox 385 3153 432 3204; x_wconf 84' lang='lat' dir='ltr'>hoc</span> <span class='ocrx_word' id='word_1_266' title='bbox 451 3152 565 3219; x_wconf 82' lang='lat' dir='ltr'>utamur)</span> <span class='ocrx_word' id='word_1_267' title='bbox 587 3167 653 3204; x_wconf 90' lang='lat' dir='ltr'>anno</span> <span class='ocrx_word' id='word_1_268' title='bbox 700 3169 766 3214; x_wconf 88' lang='lat' dir='ltr'>nem,</span> <span class='ocrx_word' id='word_1_269' title='bbox 783 3165 812 3205; x_wconf 91' lang='lat' dir='ltr'>ut</span> <span class='ocrx_word' id='word_1_270' title='bbox 830 3169 906 3222; x_wconf 88' lang='lat' dir='ltr'>quam</span> <span class='ocrx_word' id='word_1_271' title='bbox 926 3151 1050 3222; x_wconf 82' lang='lat' dir='ltr'>saepiffime</span> <span class='ocrx_word' id='word_1_272' title='bbox 1068 3151 1115 3202; x_wconf 90' lang='lat' dir='ltr'>hoc</span> <span class='ocrx_word' id='word_1_273' title='bbox 1135 3151 1191 3210; x_wconf 83' lang='lat' dir='ltr'>fiat,</span> 
     </span>
     <span class='ocr_line' id='line_1_31' title="bbox 156 3221 1192 3291; baseline -0.003 -17"><span class='ocrx_word' id='word_1_274' title='bbox 156 3223 228 3274; x_wconf 81' lang='lat' dir='ltr'>sexto</span> <span class='ocrx_word' id='word_1_275' title='bbox 242 3222 342 3276; x_wconf 83' lang='lat' dir='ltr'>decimo</span> <span class='ocrx_word' id='word_1_276' title='bbox 357 3224 385 3274; x_wconf 90' lang='lat' dir='ltr'>iu</span> <span class='ocrx_word' id='word_1_277' title='bbox 400 3221 484 3274; x_wconf 82' lang='lat' dir='ltr'>forum</span> <span class='ocrx_word' id='word_1_278' title='bbox 495 3221 585 3274; x_wconf 82' lang='lat' dir='ltr'>deduci</span> <span class='ocrx_word' id='word_1_279' title='bbox 597 3222 652 3290; x_wconf 86' lang='lat' dir='ltr'>pos-</span> <span class='ocrx_word' id='word_1_280' title='bbox 701 3223 765 3274; x_wconf 86' lang='lat' dir='ltr'>inter</span> <span class='ocrx_word' id='word_1_281' title='bbox 775 3222 910 3274; x_wconf 82' lang='lat' dir='ltr'>studiorum</span> <span class='ocrx_word' id='word_1_282' title='bbox 922 3239 1011 3291; x_wconf 83' lang='lat' dir='ltr'>nempe</span> <span class='ocrx_word' id='word_1_283' title='bbox 1020 3221 1103 3272; x_wconf 89' lang='lat' dir='ltr'>initia.</span> <span class='ocrx_word' id='word_1_284' title='bbox 1122 3221 1192 3273; x_wconf 56' lang='lat' dir='ltr'>Poste</span> 
     </span>
    </p>
   </div>
   <div class='ocr_carea' id='block_1_5' title="bbox 151 3291 654 4178">
    <p class='ocr_par' dir='ltr' id='par_1_9' title="bbox 151 3291 654 3980">
     <span class='ocr_line' id='line_1_32' title="bbox 156 3291 652 3412; baseline -0.004 -66"><span class='ocrx_word' id='word_1_285' title='bbox 156 3293 283 3412; x_wconf 48' lang='lat' dir='ltr'>Qum</span> <span class='ocrx_word' id='word_1_286' title='bbox 297 3291 400 3362; x_wconf 81' lang='lat' dir='ltr'>septimo</span> <span class='ocrx_word' id='word_1_287' title='bbox 414 3291 527 3356; x_wconf 67' lang='lat' dir='ltr'>decium</span> <span class='ocrx_word' id='word_1_288' title='bbox 546 3291 652 3362; x_wconf 84' lang='lat' dir='ltr'>primam</span> 
     </span>
     <span class='ocr_line' id='line_1_33' title="bbox 157 3360 652 3433; baseline -0.008 -17"><span class='ocrx_word' id='word_1_289' title='bbox 157 3379 190 3416; x_wconf 81' lang='lat' dir='ltr'>ca</span> <span class='ocrx_word' id='word_1_290' title='bbox 218 3379 261 3420; x_wconf 79' lang='lat' dir='ltr'>am</span> <span class='ocrx_word' id='word_1_291' title='bbox 272 3377 341 3418; x_wconf 73' lang='lat' dir='ltr'>orara</span> <span class='ocrx_word' id='word_1_292' title='bbox 357 3361 440 3433; x_wconf 86' lang='lat' dir='ltr'>potius</span> <span class='ocrx_word' id='word_1_293' title='bbox 452 3360 652 3424; x_wconf 76' lang='lat' dir='ltr'>vicesimoanno,</span> 
     </span>
     <span class='ocr_line' id='line_1_34' title="bbox 157 3429 652 3502; baseline 0.002 -20"><span class='ocrx_word' id='word_1_294' title='bbox 157 3447 240 3500; x_wconf 87' lang='lat' dir='ltr'>quam</span> <span class='ocrx_word' id='word_1_295' title='bbox 260 3446 312 3481; x_wconf 92' lang='lat' dir='ltr'>uno</span> <span class='ocrx_word' id='word_1_296' title='bbox 329 3431 397 3500; x_wconf 83' lang='lat' dir='ltr'>p0st3</span> <span class='ocrx_word' id='word_1_297' title='bbox 419 3429 451 3482; x_wconf 90' lang='lat' dir='ltr'>src</span> <span class='ocrx_word' id='word_1_298' title='bbox 469 3429 557 3482; x_wconf 87' lang='lat' dir='ltr'>deinde</span> <span class='ocrx_word' id='word_1_299' title='bbox 575 3431 652 3502; x_wconf 51' lang='grc' dir='ltr'>Ορω-</span> 
     </span>
     <span class='ocr_line' id='line_1_35' title="bbox 158 3499 653 3562; baseline 0.002 -11"><span class='ocrx_word' id='word_1_300' title='bbox 158 3501 260 3561; x_wconf 69' lang='lat' dir='ltr'>storum,</span> <span class='ocrx_word' id='word_1_301' title='bbox 278 3499 403 3562; x_wconf 80' lang='lat' dir='ltr'>AEdilerm</span> <span class='ocrx_word' id='word_1_302' title='bbox 422 3499 653 3562; x_wconf 65' lang='lat' dir='ltr'>Praetoremcon.</span> 
     </span>
     <span class='ocr_line' id='line_1_36' title="bbox 158 3569 652 3638; baseline 0.002 -17"><span class='ocrx_word' id='word_1_303' title='bbox 158 3569 239 3622; x_wconf 84' lang='lat' dir='ltr'>sulem</span> <span class='ocrx_word' id='word_1_304' title='bbox 249 3569 357 3638; x_wconf 86' lang='lat' dir='ltr'>denique</span> <span class='ocrx_word' id='word_1_305' title='bbox 367 3570 515 3624; x_wconf 81' lang='lat' dir='ltr'>renuntiari.</span> <span class='ocrx_word' id='word_1_306' title='bbox 547 3570 588 3622; x_wconf 89' lang='lat' dir='ltr'>At</span> <span class='ocrx_word' id='word_1_307' title='bbox 599 3569 652 3622; x_wconf 84' lang='lat' dir='ltr'>haec</span> 
     </span>
     <span class='ocr_line' id='line_1_37' title="bbox 151 3635 653 3708; baseline -0.004 -16"><span class='ocrx_word' id='word_1_308' title='bbox 151 3635 246 3693; x_wconf 74' lang='lat' dir='ltr'>&#39;omnia</span> <span class='ocrx_word' id='word_1_309' title='bbox 257 3637 311 3691; x_wconf 87' lang='lat' dir='ltr'>sieri</span> <span class='ocrx_word' id='word_1_310' title='bbox 327 3639 362 3690; x_wconf 83' lang='lat' dir='ltr'>ita</span> <span class='ocrx_word' id='word_1_311' title='bbox 405 3637 508 3701; x_wconf 89' lang='lat' dir='ltr'>ssunt,li</span> <span class='ocrx_word' id='word_1_312' title='bbox 525 3637 653 3708; x_wconf 77' lang='lat' dir='ltr'>vel‘plnri-</span> 
     </span>
     <span class='ocr_line' id='line_1_38' title="bbox 159 3657 653 3778; baseline -0.006 -16"><span class='ocrx_word' id='word_1_313' title='bbox 159 3710 211 3762; x_wconf 84' lang='lat' dir='ltr'>bus</span> <span class='ocrx_word' id='word_1_314' title='bbox 223 3709 295 3762; x_wconf 87' lang='lat' dir='ltr'>annis</span> <span class='ocrx_word' id='word_1_315' title='bbox 306 3709 352 3777; x_wconf 89' lang='lat' dir='ltr'>qui</span> <span class='ocrx_word' id='word_1_316' title='bbox 363 3657 493 3778; x_wconf 65' lang='lat' dir='ltr'>(ipitimum</span> <span class='ocrx_word' id='word_1_317' title='bbox 500 3708 653 3777; x_wconf 71' lang='lat' dir='ltr'>praecedunt,</span> 
     </span>
     <span class='ocr_line' id='line_1_39' title="bbox 158 3777 654 3848; baseline -0.006 -17"><span class='ocrx_word' id='word_1_318' title='bbox 158 3795 191 3831; x_wconf 82' lang='lat' dir='ltr'>ea</span> <span class='ocrx_word' id='word_1_319' title='bbox 201 3778 367 3848; x_wconf 79' lang='lat' dir='ltr'>consequatur</span> <span class='ocrx_word' id='word_1_320' title='bbox 377 3795 447 3848; x_wconf 87' lang='lat' dir='ltr'>puer,</span> <span class='ocrx_word' id='word_1_321' title='bbox 455 3797 513 3848; x_wconf 79' lang='lat' dir='ltr'>quae</span> <span class='ocrx_word' id='word_1_322' title='bbox 525 3779 590 3830; x_wconf 88' lang='lat' dir='ltr'>intra</span> <span class='ocrx_word' id='word_1_323' title='bbox 601 3777 654 3848; x_wconf 86' lang='lat' dir='ltr'>sep-</span> 
     </span>
     <span class='ocr_line' id='line_1_40' title="bbox 159 3846 653 3920; baseline 0 -20"><span class='ocrx_word' id='word_1_324' title='bbox 159 3849 254 3901; x_wconf 86' lang='lat' dir='ltr'>timum</span> <span class='ocrx_word' id='word_1_325' title='bbox 264 3858 291 3902; x_wconf 82' lang='lat' dir='ltr'>et</span> <span class='ocrx_word' id='word_1_326' title='bbox 300 3846 417 3903; x_wconf 74' lang='lat' dir='ltr'>otiauum</span> <span class='ocrx_word' id='word_1_327' title='bbox 432 3847 544 3920; x_wconf 85' lang='lat' dir='ltr'>alioquin</span> <span class='ocrx_word' id='word_1_328' title='bbox 559 3846 653 3900; x_wconf 86' lang='lat' dir='ltr'>discen·</span> 
     </span>
     <span class='ocr_line' id='line_1_41' title="bbox 158 3917 436 3980; baseline -0.004 -10"><span class='ocrx_word' id='word_1_329' title='bbox 158 3917 285 3972; x_wconf 71' lang='lat' dir='ltr'>deerant.</span> <span class='ocrx_word' id='word_1_330' title='bbox 419 3971 436 3980; x_wconf 57' lang='grc'>,,</span> 
     </span>
    </p>

    <p class='ocr_par' dir='ltr' id='par_1_10' title="bbox 160 3985 654 4178">
     <span class='ocr_line' id='line_1_42' title="bbox 196 3985 654 4057; baseline 0.002 -18"><span class='ocrx_word' id='word_1_331' title='bbox 196 4007 242 4041; x_wconf 84' lang='lat'>20.</span> <span class='ocrx_word' id='word_1_332' title='bbox 255 4004 389 4057; x_wconf 83' lang='lat' dir='ltr'>numquam</span> <span class='ocrx_word' id='word_1_333' title='bbox 399 3987 457 4052; x_wconf 83' lang='lat' dir='ltr'>nan]</span> <span class='ocrx_word' id='word_1_334' title='bbox 475 3985 579 4042; x_wconf 82' lang='lat' dir='ltr'>Praetuli</span> <span class='ocrx_word' id='word_1_335' title='bbox 590 3985 654 4042; x_wconf 86' lang='lat' dir='ltr'>banc</span> 
     </span>
     <span class='ocr_line' id='line_1_43' title="bbox 160 4055 654 4178; baseline -0.004 -66"><span class='ocrx_word' id='word_1_336' title='bbox 160 4055 292 4121; x_wconf 62' lang='lat' dir='ltr'>sessionem</span> <span class='ocrx_word' id='word_1_337' title='bbox 311 4057 428 4128; x_wconf 77' lang='lat' dir='ltr'>vulgatae,</span> <span class='ocrx_word' id='word_1_338' title='bbox 440 4058 508 4178; x_wconf 81' lang='lat' dir='ltr'>quod</span> <span class='ocrx_word' id='word_1_339' title='bbox 525 4059 605 4110; x_wconf 86' lang='lat' dir='ltr'>verior</span> <span class='ocrx_word' id='word_1_340' title='bbox 615 4059 654 4110; x_wconf 90' lang='lat' dir='ltr'>vi·</span> 
     </span>
    </p>
   </div>
   <div class='ocr_carea' id='block_1_6' title="bbox 700 3291 1194 3918">
    <p class='ocr_par' dir='ltr' id='par_1_11' title="bbox 700 3291 1194 3918">
     <span class='ocr_line' id='line_1_44' title="bbox 700 3291 1193 3354; baseline -0.004 -10"><span class='ocrx_word' id='word_1_341' title='bbox 700 3309 739 3353; x_wconf 81' lang='lat' dir='ltr'>ea,</span> <span class='ocrx_word' id='word_1_342' title='bbox 755 3293 801 3344; x_wconf 86' lang='lat' dir='ltr'>ubi</span> <span class='ocrx_word' id='word_1_343' title='bbox 820 3291 959 3354; x_wconf 64' lang='lat' dir='ltr'>beneaeoplae</span> <span class='ocrx_word' id='word_1_344' title='bbox 977 3292 1108 3351; x_wconf 87' lang='lat' dir='ltr'>metuitur,</span> <span class='ocrx_word' id='word_1_345' title='bbox 1125 3301 1193 3347; x_wconf 50' lang='lat' dir='ltr'>erton</span> 
     </span>
     <span class='ocr_line' id='line_1_45' title="bbox 700 3360 1163 3432; baseline -0.004 -19"><span class='ocrx_word' id='word_1_346' title='bbox 700 3362 736 3413; x_wconf 86' lang='lat' dir='ltr'>ris</span> <span class='ocrx_word' id='word_1_347' title='bbox 747 3372 772 3414; x_wconf 87' lang='lat' dir='ltr'>et</span> <span class='ocrx_word' id='word_1_348' title='bbox 783 3361 929 3432; x_wconf 71' lang='lat' dir='ltr'>ignorantia</span> <span class='ocrx_word' id='word_1_349' title='bbox 940 3360 1132 3412; x_wconf 84' lang='lat' dir='ltr'>convincendus.</span> <span class='ocrx_word' id='word_1_350' title='bbox 1161 3381 1163 3388; x_wconf 63' lang='lat'><strong><em>¹</em></strong></span> 
     </span>
     <span class='ocr_line' id='line_1_46' title="bbox 736 3429 1191 3494; baseline -0.004 -12"><span class='ocrx_word' id='word_1_351' title='bbox 736 3449 781 3483; x_wconf 80' lang='lat' dir='ltr'>ao.</span> <span class='ocrx_word' id='word_1_352' title='bbox 799 3429 839 3482; x_wconf 82' lang='lat' dir='ltr'>cui</span> <span class='ocrx_word' id='word_1_353' title='bbox 849 3429 975 3494; x_wconf 83' lang='lat' dir='ltr'>invideat]</span> <span class='ocrx_word' id='word_1_354' title='bbox 992 3431 1073 3482; x_wconf 85' lang='lat' dir='ltr'>Caute</span> <span class='ocrx_word' id='word_1_355' title='bbox 1083 3431 1125 3481; x_wconf 89' lang='lat' dir='ltr'>hic</span> <span class='ocrx_word' id='word_1_356' title='bbox 1136 3445 1191 3481; x_wconf 87' lang='lat' dir='ltr'>ver-</span> 
     </span>
     <span class='ocr_line' id='line_1_47' title="bbox 701 3499 1191 3566; baseline -0.006 -14"><span class='ocrx_word' id='word_1_357' title='bbox 701 3499 818 3552; x_wconf 82' lang='lat' dir='ltr'>sandum=</span> <span class='ocrx_word' id='word_1_358' title='bbox 835 3499 938 3561; x_wconf 88' lang='lat' dir='ltr'>invidia,</span> <span class='ocrx_word' id='word_1_359' title='bbox 948 3499 1089 3566; x_wconf 86' lang='lat' dir='ltr'>detestabile</span> <span class='ocrx_word' id='word_1_360' title='bbox 1100 3500 1191 3551; x_wconf 86' lang='lat' dir='ltr'>vitium</span> 
     </span>
     <span class='ocr_line' id='line_1_48' title="bbox 700 3565 1192 3640; baseline -0.004 -18"><span class='ocrx_word' id='word_1_361' title='bbox 700 3570 897 3640; x_wconf 87' lang='lat' dir='ltr'>oppugnandum</span> <span class='ocrx_word' id='word_1_362' title='bbox 927 3569 992 3621; x_wconf 87' lang='lat' dir='ltr'>otius</span> <span class='ocrx_word' id='word_1_363' title='bbox 1004 3569 1125 3620; x_wconf 86' lang='lat' dir='ltr'>machinis</span> <span class='ocrx_word' id='word_1_364' title='bbox 1136 3565 1192 3628; x_wconf 64' lang='lat' dir='ltr'>oin,-</span> 
     </span>
     <span class='ocr_line' id='line_1_49' title="bbox 701 3588 1192 3710; baseline -0.002 -19"><span class='ocrx_word' id='word_1_365' title='bbox 701 3641 777 3692; x_wconf 86' lang='lat' dir='ltr'>nibus</span> <span class='ocrx_word' id='word_1_366' title='bbox 797 3657 874 3710; x_wconf 92' lang='lat' dir='ltr'>quam</span> <span class='ocrx_word' id='word_1_367' title='bbox 893 3588 1017 3705; x_wconf 67' lang='lat' dir='ltr'>alindurn.</span> <span class='ocrx_word' id='word_1_368' title='bbox 1049 3639 1094 3703; x_wconf 84' lang='lat' dir='ltr'>Sed</span> <span class='ocrx_word' id='word_1_369' title='bbox 1114 3639 1192 3690; x_wconf 84' lang='lat' dir='ltr'>mira·</span> 
     </span>
     <span class='ocr_line' id='line_1_50' title="bbox 701 3707 1193 3770; baseline 0 -10"><span class='ocrx_word' id='word_1_370' title='bbox 701 3709 876 3770; x_wconf 69' lang='lat' dir='ltr'>munincides</span> <span class='ocrx_word' id='word_1_371' title='bbox 893 3709 937 3762; x_wconf 84' lang='lat' dir='ltr'>esse</span> <span class='ocrx_word' id='word_1_372' title='bbox 954 3709 1076 3769; x_wconf 85' lang='lat' dir='ltr'>homines,</span> <span class='ocrx_word' id='word_1_373' title='bbox 1089 3718 1114 3759; x_wconf 88' lang='lat' dir='ltr'>et</span> <span class='ocrx_word' id='word_1_374' title='bbox 1131 3707 1193 3760; x_wconf 85' lang='lat' dir='ltr'>alic·</span> 
     </span>
     <span class='ocr_line' id='line_1_51' title="bbox 702 3778 1193 3848; baseline 0 -18"><span class='ocrx_word' id='word_1_375' title='bbox 702 3779 742 3830; x_wconf 86' lang='lat' dir='ltr'>nis</span> <span class='ocrx_word' id='word_1_376' title='bbox 759 3779 831 3830; x_wconf 86' lang='lat' dir='ltr'>bonis</span> <span class='ocrx_word' id='word_1_377' title='bbox 846 3780 924 3848; x_wconf 76' lang='lat' dir='ltr'>angi3</span> <span class='ocrx_word' id='word_1_378' title='bbox 941 3789 967 3830; x_wconf 93' lang='lat' dir='ltr'>et</span> <span class='ocrx_word' id='word_1_379' title='bbox 982 3778 1014 3828; x_wconf 84' lang='lat' dir='ltr'>de</span> <span class='ocrx_word' id='word_1_380' title='bbox 1029 3787 1131 3848; x_wconf 86' lang='lat' dir='ltr'>peccato</span> <span class='ocrx_word' id='word_1_381' title='bbox 1141 3778 1193 3830; x_wconf 87' lang='lat' dir='ltr'>on&#39;-</span> 
     </span>
     <span class='ocr_line' id='line_1_52' title="bbox 702 3845 1194 3918; baseline 0.002 -18"><span class='ocrx_word' id='word_1_382' title='bbox 702 3847 770 3918; x_wconf 84' lang='lat' dir='ltr'>ginis</span> <span class='ocrx_word' id='word_1_383' title='bbox 786 3849 978 3918; x_wconf 85' lang='lat' dir='ltr'>conquerimur;</span> <span class='ocrx_word' id='word_1_384' title='bbox 994 3865 1054 3900; x_wconf 90' lang='lat' dir='ltr'>cum</span> <span class='ocrx_word' id='word_1_385' title='bbox 1066 3845 1148 3898; x_wconf 90' lang='lat' dir='ltr'>sedulo</span> <span class='ocrx_word' id='word_1_386' title='bbox 1165 3846 1194 3901; x_wconf 87' lang='lat' dir='ltr'>id</span> 
     </span>
    </p>
   </div>
   <div class='ocr_carea' id='block_1_7' title="bbox 702 3909 1294 3988">
    <p class='ocr_par' dir='ltr' id='par_1_12' title="bbox 702 3909 1294 3988">
     <span class='ocr_line' id='line_1_53' title="bbox 702 3909 1294 3988; baseline -0.005 -18"><span class='ocrx_word' id='word_1_387' title='bbox 702 3929 779 3987; x_wconf 85' lang='lat' dir='ltr'>agant</span> <span class='ocrx_word' id='word_1_388' title='bbox 789 3935 839 3970; x_wconf 91' lang='lat' dir='ltr'>non</span> <span class='ocrx_word' id='word_1_389' title='bbox 852 3919 975 3988; x_wconf 86' lang='lat' dir='ltr'>imperitae</span> <span class='ocrx_word' id='word_1_390' title='bbox 985 3917 1061 3968; x_wconf 89' lang='lat' dir='ltr'>modo</span> <span class='ocrx_word' id='word_1_391' title='bbox 1071 3917 1193 3978; x_wconf 81' lang='lat' dir='ltr'>nutrices,</span> <span class='ocrx_word' id='word_1_392' title='bbox 1289 3909 1294 3926; x_wconf 85' lang='lat'><strong><em>¹</em></strong></span> 
     </span>
    </p>
   </div>
   <div class='ocr_carea' id='block_1_8' title="bbox 702 3983 1194 4126">
    <p class='ocr_par' dir='ltr' id='par_1_13' title="bbox 702 3983 1194 4126">
     <span class='ocr_line' id='line_1_54' title="bbox 703 3983 1193 4056; baseline -0.004 -17"><span class='ocrx_word' id='word_1_393' title='bbox 703 3983 743 4040; x_wconf 85' lang='lat' dir='ltr'>sed</span> <span class='ocrx_word' id='word_1_394' title='bbox 753 3988 897 4042; x_wconf 83' lang='lat' dir='ltr'>educatores</span> <span class='ocrx_word' id='word_1_395' title='bbox 906 3988 1014 4048; x_wconf 70' lang='lat' dir='ltr'>etiamn</span> <span class='ocrx_word' id='word_1_396' title='bbox 1025 3987 1120 4055; x_wconf 82' lang='lat' dir='ltr'>quibus</span> <span class='ocrx_word' id='word_1_397' title='bbox 1132 4003 1193 4056; x_wconf 86' lang='lat' dir='ltr'>pru·</span> 
     </span>
     <span class='ocr_line' id='line_1_55' title="bbox 702 4055 1194 4126; baseline -0.004 -16"><span class='ocrx_word' id='word_1_398' title='bbox 702 4058 811 4110; x_wconf 87' lang='lat' dir='ltr'>dentiam</span> <span class='ocrx_word' id='word_1_399' title='bbox 823 4059 940 4124; x_wconf 86' lang='lat' dir='ltr'>majorem</span> <span class='ocrx_word' id='word_1_400' title='bbox 949 4055 1071 4126; x_wconf 64' lang='lat' dir='ltr'>expedies,</span> <span class='ocrx_word' id='word_1_401' title='bbox 1083 4067 1112 4108; x_wconf 88' lang='lat' dir='ltr'>ut</span> <span class='ocrx_word' id='word_1_402' title='bbox 1127 4056 1194 4108; x_wconf 88' lang='lat' dir='ltr'>invi-</span> 
     </span>
    </p>
   </div>
   <div class='ocr_carea' id='block_1_9' title="bbox 159 4123 1194 4208">
    <p class='ocr_par' dir='ltr' id='par_1_14' title="bbox 159 4123 1194 4208">
     <span class='ocr_line' id='line_1_56' title="bbox 159 4123 1194 4208; baseline -0.003 -27"><span class='ocrx_word' id='word_1_403' title='bbox 159 4130 233 4181; x_wconf 87' lang='lat' dir='ltr'>detur</span> <span class='ocrx_word' id='word_1_404' title='bbox 244 4127 375 4180; x_wconf 65' lang='lat' dir='ltr'>sententie</span> <span class='ocrx_word' id='word_1_405' title='bbox 393 4127 444 4198; x_wconf 79' lang='lat' dir='ltr'>Qi</span> <span class='ocrx_word' id='word_1_406' title='bbox 473 4129 550 4187; x_wconf 84' lang='lat' dir='ltr'>enim?</span> <span class='ocrx_word' id='word_1_407' title='bbox 572 4145 604 4180; x_wconf 90' lang='lat' dir='ltr'>an</span> <span class='ocrx_word' id='word_1_408' title='bbox 616 4128 654 4180; x_wconf 90' lang='lat' dir='ltr'>in·</span> <span class='ocrx_word' id='word_1_409' title='bbox 701 4127 770 4188; x_wconf 86' lang='lat' dir='ltr'>diam</span> <span class='ocrx_word' id='word_1_410' title='bbox 781 4128 925 4180; x_wconf 81' lang='lat' dir='ltr'>accendant.</span> <span class='ocrx_word' id='word_1_411' title='bbox 939 4127 1022 4208; x_wconf 30' lang='lat' dir='ltr'>‘Qin</span> <span class='ocrx_word' id='word_1_412' title='bbox 1034 4125 1131 4178; x_wconf 74' lang='lat' dir='ltr'>sanstus</span> <span class='ocrx_word' id='word_1_413' title='bbox 1143 4123 1194 4194; x_wconf 80' lang='lat' dir='ltr'>ipse</span> 
     </span>
    </p>
   </div>
   <div class='ocr_carea' id='block_1_10' title="bbox 157 4196 655 4342">
    <p class='ocr_par' dir='ltr' id='par_1_15' title="bbox 157 4196 655 4342">
     <span class='ocr_line' id='line_1_57' title="bbox 159 4196 655 4266; baseline -0.03 -12"><span class='ocrx_word' id='word_1_414' title='bbox 159 4200 260 4254; x_wconf 70' lang='lat' dir='ltr'>tendum</span> <span class='ocrx_word' id='word_1_415' title='bbox 278 4197 364 4258; x_wconf 89' lang='lat' dir='ltr'>modo,</span> <span class='ocrx_word' id='word_1_416' title='bbox 376 4215 424 4248; x_wconf 91' lang='lat' dir='ltr'>non</span> <span class='ocrx_word' id='word_1_417' title='bbox 435 4213 563 4266; x_wconf 89' lang='lat' dir='ltr'>nunquam</span> <span class='ocrx_word' id='word_1_418' title='bbox 580 4196 655 4250; x_wconf 75' lang='lat' dir='ltr'>modo</span> 
     </span>
     <span class='ocr_line' id='line_1_58' title="bbox 157 4265 654 4342; baseline -0.048 -5"><span class='ocrx_word' id='word_1_419' title='bbox 157 4270 271 4342; x_wconf 63' lang='lat' dir='ltr'>{audete</span> <span class='ocrx_word' id='word_1_420' title='bbox 283 4266 400 4328; x_wconf 79' lang='lat' dir='ltr'>volumus</span> <span class='ocrx_word' id='word_1_421' title='bbox 412 4283 524 4342; x_wconf 75' lang='lat' dir='ltr'>puerum,</span> <span class='ocrx_word' id='word_1_422' title='bbox 537 4267 559 4328; x_wconf 78' lang='lat' dir='ltr'>se</span> <span class='ocrx_word' id='word_1_423' title='bbox 570 4265 654 4328; x_wconf 62' lang='lat' dir='ltr'>stiffi!</span> 
     </span>
    </p>
   </div>
   <div class='ocr_carea' id='block_1_11' title="bbox 702 4191 1210 4340">
    <p class='ocr_par' dir='ltr' id='par_1_16' title="bbox 702 4191 1210 4340">
     <span class='ocr_line' id='line_1_59' title="bbox 702 4191 1210 4267; baseline -0.026 -12"><span class='ocrx_word' id='word_1_424' title='bbox 702 4198 882 4267; x_wconf 82' lang='lat' dir='ltr'>Hieronymus,</span> <span class='ocrx_word' id='word_1_425' title='bbox 901 4215 947 4267; x_wconf 79' lang='lat' dir='ltr'>qur</span> <span class='ocrx_word' id='word_1_426' title='bbox 967 4198 994 4250; x_wconf 88' lang='lat' dir='ltr'>in</span> <span class='ocrx_word' id='word_1_427' title='bbox 1015 4193 1143 4266; x_wconf 83' lang='lat' dir='ltr'>epistolam</span> <span class='ocrx_word' id='word_1_428' title='bbox 1160 4191 1210 4248; x_wconf 78' lang='lat' dir='ltr'>ad·</span> 
     </span>
     <span class='ocr_line' id='line_1_60' title="bbox 703 4263 1195 4340; baseline -0.024 -15"><span class='ocrx_word' id='word_1_429' title='bbox 703 4268 803 4332; x_wconf 66' lang='lat' dir='ltr'>Laetam</span> <span class='ocrx_word' id='word_1_430' title='bbox 825 4267 905 4340; x_wconf 82' lang='lat' dir='ltr'>prima</span> <span class='ocrx_word' id='word_1_431' title='bbox 927 4265 1010 4328; x_wconf 67' lang='lat' dir='ltr'>isthec</span> <span class='ocrx_word' id='word_1_432' title='bbox 1033 4263 1195 4328; x_wconf 63' lang='lat' dir='ltr'>iustitutionis</span> 
     </span>
    </p>
   </div>
   <div class='ocr_carea' id='block_1_12' title="bbox 0 0 1462 4916">
    <p class='ocr_par' dir='ltr' id='par_1_17' title="bbox 0 0 1462 4916">
     <span class='ocr_line' id='line_1_61' title="bbox 0 0 1462 4916; baseline 0 0"><span class='ocrx_word' id='word_1_433' title='bbox 0 0 1462 4916; x_wconf 95' lang='lat' dir='ltr'> </span> 
     </span>
    </p>
   </div>
  </div>
 </body>
</html>
