3022 4920
420 343 617 450 ‘rusrrn
637 386 842 451 onaron.
862 388 948 450 um.
967 388 994 450 r.
1014 387 1045 452 6.
1216 399 1260 472 tt

220 563 257 622 et
267 551 386 640 R²ff⁰⁸3
409 573 450 618 ex
463 551 553 635 sono,
567 553 711 642 strepere,
726 577 934 634 mmmmm
958 553 1081 620 etiamr
1105 553 1256 637 derivata,

221 652 261 706 ut
283 663 303 704 a
326 637 480 705 velocitate
501 639 739 719 diciturveloe3
763 653 796 706 et
819 640 992 729 composita
1010 641 1182 729 pleraque*
1204 641 1257 706 his

222 724 347 804 similia,
361 747 435 812 quae
449 724 513 792 line
527 725 629 792 dubio
642 725 771 792 aliunde
788 727 946 813 originem
965 727 1098 806 ducunt,
1114 726 1168 791 sed
1187 740 1257 792 arte

222 833 289 876 non
303 821 414 898 egent,
428 809 520 898 cujus
535 811 569 876 iu
585 812 648 878 hoo
661 833 755 898 opere
769 813 893 878 nonest
907 813 992 892 usus,
1008 811 1063 876 nifi
1086 813 1118 876 in
1138 813 1255 878 dubiis.

165 914 211 986 39
227 898 319 981 (XI.)
344 896 457 974 verba,
467 919 488 962 a
499 895 643 983 vetustata
655 898 799 984 repetita,
816 920 880 962 non
895 899 996 962 solum
1011 921 1063 962 rna
1089 919 1146 962 nos
1165 897 1257 962 affer-

223 994 311 1048 tores
324 981 458 1060 habent,
472 982 527 1047 sed
549 984 648 1048 etiarn
671 981 805 1048 allilrunt
825 983 963 1048 orationi
983 921 1177 1070 majelatem
1196 983 1258 1048 ali-

224 1089 335 1154 quam,
351 1089 416 1132 non
441 1067 503 1132 sure
518 1067 752 1134 deled'tatione:
776 1091 850 1134 nam
876 1081 909 1134 et
931 1067 1154 1134 audieritatom
1176 1070 1260 1134 anti.

248 1152 359 1220 uitatis
373 1152 514 1234 hobent3
537 1167 571 1218 et
607 1153 661 1218 uia
675 1153 846 1219 intermissa
861 1155 946 1236 sunt,
967 1156 1102 1244 gratiam
1125 1155 1260 1220 novitati

166 1259 215 1324 40
225 1176 362 1305 dorileu]
375 1251 499 1326 parant.
621 1261 702 1326 opus
717 1241 761 1306 est
774 1239 884 1319 modo,
899 1255 937 1304 ut
957 1262 997 1303 ne
1024 1263 1062 1304 ue
1077 1239 1188 1304 crebra
1201 1241 1262 1306 fint

225 1322 309 1402 haec,
325 1345 431 1415 neque
444 1323 617 1402 manifesta,
633 1325 709 1411 quia
730 1345 849 1389 muru
865 1326 908 1388 est
926 1263 1063 1390 odidsrus
1084 1325 1261 1392 affetlatio·

226 1430 286 1487 1103
304 1431 364 1474 neo
377 1409 489 1495 utique
503 1411 544 1476 ab
560 1409 684 1476 ultimis
698 1411 823 1498 etjam·
838 1410 1016 1476 obliteratis
1028 1410 1161 1496 repetita
1174 1424 1260 1476 tem-

226 1494 370 1581 poribus,
385 1493 493 1582 qualia
518 1496 590 1560 sunt
615 1509 713 1584 topper
724 1505 746 1574 ²,
771 1507 805 1560 et
826 1496 986 1582 ansgerio,
1012 1509 1045 1559 et
1067 1495 1261 1576 exanclare⁸,

228 1592 263 1644 et
272 1580 425 1668 prosapia,
440 1595 474 1646 et
489 1580 639 1646 Saliorum
654 1581 801 1660 carmine,
815 1580 868 1646 vin
884 1581 1098 1646 sacerdotibus
1112 1579 1175 1646 suis
1189 1581 1262 1646 satis

170 1687 213 1752 41
228 1663 401 1731 intelletta.
446 1666 511 1732 Sed
534 1666 590 1730 illa
612 1666 730 1732 mutari
752 1679 840 1732 vetat
862 1666 989 1753 religio,
1015 1679 1049 1732 et
1073 1666 1263 1738 consecratis
1290 1713 1295 1732 ,

228 1749 387 1816 utendum
401 1752 464 1816 est:
488 1752 591 1818 oratio
613 1773 700 1832 vero,
716 1751 808 1835 cujus
827 1751 951 1816 summa
963 1752 1064 1818 virtus
1078 1753 1122 1816 est
1144 1753 1263 1840 perspi-

228 1836 346 1916 cuitas,
370 1859 468 1923 quam
491 1837 553 1902 fit¹
576 1835 696 1916 vitiosa,
717 1838 739 1902 fi
759 1850 854 1926 egeat
877 1826 1072 1922 interpre'te?
1110 1839 1210 1924 Ergo,
1225 1849 1265 1902 ut

228 1943 386 1987 novorum
402 1923 523 2010 optima
536 1935 630 1988 erunt
643 1923 782 1988 maxime
796 1937 913 2002 vetera,
929 1924 977 1986 itu
996 1937 1140 1987 veterum
1159 1923 1263 1986 maxi·

173 2029 285 2094 42me
299 2029 390 2072 nova.
435 2008 556 2074 Similis
572 2008 872 2073 ciroaautioritatem
886 2008 979 2072 ratio,
1022 2010 1109 2071 Nam
1129 2006 1265 2072 etiamfi

230 2094 330 2178 potest
344 2091 443 2160 videri
456 2093 540 2158 nihil
553 2115 696 2180 peceare,
713 2094 769 2180 qui
784 2093 886 2160 utitur
901 2094 941 2158 iis
956 2093 1071 2172 vorbis,
1088 2115 1160 2180 quae
1177 2093 1264 2158 sum-

227 2178 276 2242 mi
291 2177 436 2244 auetores
451 2179 661 2260 tradiderunt,
675 2177 815 2245 multum
831 2192 938 2242 tamen
952 2178 1048 2242 refert
1062 2199 1126 2241 non
1149 2177 1266 2258 solum,

253 2263 311 2328 uid
325 2262 475 2342 dixerint,
490 2264 663 2330 sedetiam
688 2263 745 2328 uid
757 2263 970 2351 persuaserint.
986 2266 1104 2350 Neque
1113 2263 1199 2328 enirn
1214 2276 1265 2328 tu-

287 2349 505 2413 chimbmdum
515 2363 549 2414 et
560 2287 813 2414 lurchadundum²
825 2349 888 2414 'am
897 2350 931 2414 in
944 2350 1036 2416 nobis
1045 2349 1211 2437 quisquam
1221 2349 1268 2413 fe-

229 2446 291 2512 ret,
300 2433 378 2499 licet
393 2435 476 2500 Cato
490 2434 660 2514 litantium
676 2457 736 2521 neo
745 2435 795 2498 bos
809 2373 925 2512 (iaicas,
962 2457 1134 2521 numquam
1145 2433 1179 2496 id
1191 2435 1267 2499 Pol·

230 2517 310 2584 liooi
325 2519 464 2606 placeat3
480 2543 540 2586 neo
568 2520 699 2601 studioso,
708 2521 796 2606 atqui
806 2457 1047 2598 Meilaladixit3
1063 2541 1124 2590 nec
1154 2520 1266 2583 orrici-

232 2603 348 2684 datum,
358 2606 447 2692 quod
455 2607 488 2670 in
500 2545 604 2670 Caeiio
615 2605 669 2670 vix
678 2605 845 2670 tolerabile
858 2603 1000 2684 videtum
1017 2626 1077 2672 neo
1088 2533 1174 2670 cossus
1185 2603 1268 2674 milri

177 2709 219 2776 43
235 2689 352 2754 Calvus
367 2691 564 2776 persuaserit:
581 2714 654 2778 quae
670 2713 730 2755 neo
743 2691 797 2776 ipfi
807 2690 876 2778 jam
892 2689 1047 2754 dicerent.
1076 2691 1183 2774 (XII.)
1203 2692 1266 2754 Su·

257 2776 333 2840 erest
347 2776 448 2863 igitur
463 2777 657 2863 coffuetudo:
679 2798 754 2840 uam
767 2775 865 2842 fuerit
884 2797 966 2861 pene
984 2773 1156 2842 ridiculum
1171 2774 1269 2840 malle

233 2797 424 2941 sermonem,
439 2885 507 2949 quo
526 2861 628 2926 locuti
647 2862 720 2926 sunt
741 2861 900 2938 homines,
920 2881 1018 2946 quam
1042 2882 1108 2946 quo
1130 2859 1267 2947 loquum,

234 2957 300 3010 tur.
344 2947 387 3010 Et
400 2947 472 3011 sane
487 2946 567 3035 quid
580 2948 623 3011 est
645 2946 734 3011 aliud
748 2960 835 3010 vetur
849 2947 961 3032 sermo,
975 2967 1074 3094 auam
1098 2959 1189 3010 vetus
1215 2946 1267 3010 lo·

234 3029 355 3117 quendi
378 3031 600 3097 consuetudo?
635 3031 697 3096 Sed
720 3033 798 3098 huic
821 3030 876 3118 ipsi
895 3052 974 3103 nece
997 3030 1099 3095 arium
1115 3032 1158 3096 est
1175 3027 1268 3118 judi-

235 3116 335 3196 cium,
365 3118 687 3204 constituendumque
716 3118 750 3182 in
779 3116 902 3203 priario,
927 3115 1087 3202 idipsum
1137 3115 1194 3180 uid
1218 3117 1268 3197 fit,

175 3221 224 3286 44
260 3201 324 3266 uod
339 3203 569 3290 corfitetudinem
582 3225 747 3267 vocemus.
792 3203 876 3268 Quae
892 3201 912 3264 fi
927 3223 967 3266 ex
984 3222 1036 3278 eu,
1052 3224 1096 3287 qu
1159 3201 1270 3288 plures

285 3287 368 3366 itant,
390 3309 507 3352 nomen
532 3287 677 3374 accipiat,
739 3287 988 3352 riculosrfflmum
1013 3286 1102 3352 dabit
1123 3307 1267 3374 praecep·

234 3383 317 3451 tum,
335 3395 398 3437 non
415 3373 551 3437 orationi
567 3372 676 3453 modo,
705 3373 774 3454 ed(
799 3372 864 3436 uod
880 3371 982 3457 majus
995 3372 1050 3453 est)
1069 3372 1155 3436 vitae.
1193 3374 1268 3435 Un-
1356 3385 1360 3392 '

234 3457 275 3522 de
290 3457 378 3522 enim
391 3471 519 3522 tautum
535 3459 624 3537 boni,
650 3472 689 3524 ut
702 3397 848 3545 plurilrus
866 3479 938 3543 quae
958 3457 1044 3520 reda
1067 3457 1139 3528 sunt
1158 3456 1269 3544 place-

234 3545 314 3606 ant?
340 3543 497 3630 Igitunut
519 3543 605 3623 velli,
627 3557 661 3607 et
685 3567 795 3608 comam
818 3543 986 3629 ingrersus
1001 3541 1165 3638 frangere,
1180 3554 1214 3604 et
1237 3543 1271 3607 in

235 3628 350 3707 balneis
374 3641 541 3717 perpotare,
593 3627 750 3692 uamlibet
778 3628 848 3692 haec
876 3631 929 3691 inv
961 3629 1064 3690 eriut²
1092 3625 1270 3709 civitatem,

235 3735 301 3776 non
328 3711 389 3777 erit
412 3651 620 3792 consuetudO,
642 3713 718 3800 quia
741 3713 823 3776 nihil
847 3712 964 3776 horum
987 3724 1074 3778 caret
1096 3711 1268 3800 reprehen-

234 3799 320 3868 fione
331 3822 343 3880 3
367 3811 401 3863 at
415 3799 591 3880 lavamusb,
608 3812 641 3862 et
662 3799 845 3877 tondemus&
872 3813 905 3864 et
920 3795 1105 3868 convivimus
1128 3817 1168 3867 ex
1188 3819 1269 3862 con„

267 3992 322 4031 tet
333 3985 365 4033 G.
428 3987 447 4018 f*
456 3983 571 4046 pluraque
583 3983 614 4030 G.
624 3981 689 4032 Jens.
754 3991 822 4030 um.
834 3983 864 4030 G.
876 3983 939 4034 Jens.
1004 3985 1118 4044 tcopper
1134 3981 1165 4030 G.
1187 3991 1272 4044 topper

233 4048 300 4095 Jens.
358 4048 521 4100 sexandlare
532 4049 563 4095 G.
626 4048 686 4095 ¹fit
695 4047 802 4096 Francius
813 4057 850 4110 ap.
861 4049 940 4095 Burm.
952 4046 975 4093 in
986 4056 1037 4108 app.
1050 4045 1078 4094 fit
1089 4045 1130 4094 res.
1192 4055 1205 4081 2
1222 4048 1273 4098 lur-

235 4112 424 4162 chinabundum
434 4112 466 4162 G.
477 4112 541 4161 lens.
552 4121 574 4159 et
584 4111 674 4174 irfint'ta
680 4111 909 4175 propeqflvarietar.
957 4111 1121 4159 *invaserunt
1131 4111 1162 4160 G.
1211 4111 1272 4164 Νι,

235 4189 322 4224 vamur
333 4178 364 4226 G.
373 4177 438 4230 Jeus.
449 4177 489 4232 sed
499 4177 610 4228 levamur
616 4175 709 4241 pulchre
720 4178 882 4226 iacturam.
947 4181 958 4210 θ
976 4177 1106 4230 tondemur
1122 4175 1153 4226 G·
1168 4176 1233 4230 deus·
1243 4193 1273 4234 v.

235 4250 350 4306 ποιμα.
784 4291 795 4298 ,,

799 4321 852 4390 ⁸3

1241 4399 1256 4430 ὓ
