3022 4920
453 381 620 444 mstis.
642 377 844 442 ounrou.
864 379 947 438 ms.
967 378 1008 438 u.
1028 397 1058 453 4.
1227 389 1267 456 97
1377 375 1381 384 '

234 546 316 610 tter?
343 544 490 610 Maxime
504 561 579 610 vero
593 567 767 612 commune
781 543 824 609 est
838 563 991 630 quaerere,
1006 541 1114 627 Anfit
1127 539 1268 627 honeJZa?

177 629 221 714 38
235 657 277 696 an
291 631 407 696 utilis?
432 632 504 696 Nec
519 632 645 719 ignom,
660 630 766 718 plures
781 631 849 694 fieri
863 651 882 692 a
896 629 1052 715 plerisque
1067 640 1189 714 partes:
1213 627 1266 692 sed

233 739 293 782 nos
306 717 431 804 justum,
450 718 546 803 pium,
561 717 738 804 religiosum,
754 729 923 800 ceteraque
944 715 995 778 his
1018 712 1140 792 fimilia,
1157 713 1266 863 hangio

233 803 492 889 compledtimur.
535 801 612 888 Jussi
626 816 732 868 tamen
749 801 866 888 specics
881 823 946 864 non
962 799 1144 883 simpliciter
1157 822 1216 862 exc
1240 801 1266 864 ti

233 888 325 954 solet.
370 889 439 951 Aut
463 887 549 950 enim
575 888 615 952 de
639 910 673 950 re
694 886 758 972 ipsa
772 885 936 973 quaeritur,
951 899 988 948 ut
1013 885 1144 970 dignane
1163 900 1265 972 poeua,

233 973 286 1036 vel
301 973 425 1059 praemio
439 972 518 1058 sit?
548 986 605 1036 aut
619 973 659 1036 de
683 973 781 1036 modo
806 971 942 1058 praemii‚
959 993 1111 1056 poenaeve,
1128 973 1179 1058 qm'
1199 987 1275 1044 tarn,

176 1075 219 1145 39
234 1059 337 1146 mmor,
353 1081 450 1144 quam
473 1059 567 1122 minor
582 1057 703 1143 culpari
718 1058 828 1142 potest.
873 1056 1005 1120 Utilitas
1028 1079 1157 1142 quoquc
1178 1057 1263 1120 inte-

233 1144 294 1206 rim
307 1157 421 1206 matum
443 1143 641 1222 discernitur,
657 1144 784 1206 interim
801 1155 937 1228 tempera.
982 1142 1138 1206 Quaedam
1155 1167 1196 1206 an
1214 1143 1266 1206 ob-

234 1229 322 1292 tineri
341 1227 481 1316 poffint?
502 1229 625 1314 ambigi
648 1227 737 1292 solet.
779 1231 833 1293 Ne
857 1228 940 1292 illud
965 1227 1095 1314 quidem
1118 1228 1266 1314 ignorare

233 1327 371 1399 oportet,
387 1314 476 1401 leges
491 1314 664 1401 aliquando
683 1325 771 1391 totas,
787 1313 957 1398 aliquando
983 1337 1018 1376 ea
1040 1325 1129 1399 parte
1155 1335 1188 1376 re
1212 1336 1263 1378 re·

233 1398 332 1464 bendi
355 1399 468 1478 solere,
486 1423 561 1464 cum
586 1400 769 1486 exemplum
797 1399 842 1463 rei
866 1399 1029 1484 utriusque
1056 1399 1148 1462 nobis
1173 1337 1265 1464 cibris

178 1507 221 1569 40
233 1485 431 1550 orationibus
445 1486 634 1570 praebeatur.
679 1487 750 1548 Nec
766 1506 818 1548 me
839 1483 934 1563 fallit,
951 1507 1003 1548 eas
1043 1495 1153 1570 'uoque
1174 1483 1264 1570 leges

233 1569 305 1648 effe,
322 1593 394 1668 quae
409 1593 473 1634 non
490 1571 727 1657 inperpetuum
748 1581 900 1656 rogentur
911 1582 935 1649 ⁰,
951 1569 1005 1634 sed
1024 1507 1066 1634 de
1088 1569 1263 1634 honoribus

233 1666 313 1718 autp
336 1656 487 1741 imperiis,
503 1656 607 1742 qualis
632 1653 772 1720 Manilia
786 1657 860 1734 fuit,
876 1656 916 1718 de
931 1678 997 1741 qua
1011 1655 1175 1720 Ciceronis
1190 1679 1262 1720 ora-

233 1739 282 1804 tio
297 1741 350 1804 est.
395 1741 457 1806 Sed
472 1742 513 1805 de
532 1742 582 1806 his
598 1741 680 1807 nihil
695 1741 757 1806 hoc
772 1743 845 1806 1000
866 1742 994 1826 praecipi
1016 1742 1134 1826 potest..
1173 1743 1263 1806 Con·

233 1825 312 1890 stant
338 1825 422 1890 enim
446 1815 580 1914 propriis
598 1849 715 1904 rerum,
742 1827 782 1892 de
806 1826 922 1912 quibus
946 1827 1064 1912 agitur,
1080 1849 1144 1890 non
1171 1849 1262 1890 com·
1346 1877 1348 1882 .

176 1929 215 1992 41
231 1911 322 1974 muni
339 1911 502 1997 qualitate.
549 1911 611 1976 His
626 1912 691 1976 sore
706 1927 827 1978 ueteres
853 1911 1040 1976 facultatem
1062 1911 1189 1976 dicendi
1205 1935 1262 1976 ex-

230 2011 415 2073 ercuerunt,
431 1998 583 2082 assumpta
597 2010 704 2062 tamen
721 2021 740 2062 a
760 1997 935 2062 dialesticis
953 1999 1196 2084 argumentandi
1211 2021 1262 2062 ra·

229 2081 329 2146 tione.
375 2083 461 2146 Nam
489 2084 578 2148 fisias
605 2083 647 2146 ad
669 2083 881 2148 imitationem
914 2080 974 2146 fori
1000 2081 1264 2169 confiliorumque

229 2167 376 2232 materias
393 2167 476 2252 apud
501 2169 631 2232 Graecos
654 2167 770 2248 dicere,
787 2169 871 2232 circa
887 2167 1089 2232 Demetrium
1114 2169 1265 2238 Phalerea.

174 2270 217 2333 42
230 2252 408 2318 institutum
422 2251 488 2318 sere
503 2256 633 2318 constat.
679 2255 730 2318 An
747 2257 787 2318 ab
802 2255 869 2341 ipso
892 2252 926 2316 id
940 2275 1049 2340 genus
1059 2255 1263 2318 exercitatio-

230 2338 279 2400 nis
294 2338 331 2400 srt
345 2339 523 2414 inventum,
544 2347 592 2422 (ut
606 2339 669 2402 alio
684 2363 815 2428 quoque
829 2340 911 2404 libro
927 2341 994 2402 sum
1010 2337 1177 2422 confessus)
1203 2363 1261 2426 pa·

229 2445 300 2486 rum
318 2415 479 2508 comp'eri?
504 2424 557 2500 sed
571 2447 612 2488 ne
626 2425 670 2488 iit
686 2425 829 2510 quidem,
844 2425 900 2510 qui
923 2424 1004 2488 hocr
1027 2423 1188 2490 fortissime
1210 2425 1261 2489 as-

229 2507 368 2588 firmant,
386 2507 450 2572 ullo
464 2509 536 2572 satis
551 2510 667 2574 idoneo
681 2511 809 2576 auctore
832 2511 1019 2576 nitunturst
1036 2509 1166 2578 Latinos
1186 2532 1263 2579 vero

229 2593 359 2658 dicendi
381 2606 588 2681 praeceptores
612 2596 762 2660 extremis
787 2599 826 2660 L.
851 2596 947 2660 Craffi
973 2596 1170 2680 temporibus
1194 2619 1260 2660 coe-

228 2677 316 2777 pisse,
335 2679 450 2748 Cicero
464 2680 576 2748 audior
589 2681 654 2750 est:
678 2703 815 2768 quorum
836 2681 967 2768 irriguis
987 2681 1124 2746 maxime
1140 2681 1261 2748 Plotius

228 2762 303 2832 furt.

331 2956 475 3015 ‘rogantur
486 2952 517 3002 G.
581 2959 680 3016 ratque
691 2953 722 3004 G.
786 2953 920 3004 tiistent.
984 2953 1155 3004 thoconi&

228 3130 306 3184 talex
316 3131 355 3193 tit,
366 3149 424 3202 quae
444 3151 495 3186 uon
506 3135 531 3186 in
549 3132 668 3204 singulos,
680 3133 718 3186 sed
768 3133 889 3204 capienda
898 3132 952 3203 ¹esse,
970 3142 1025 3184 tum
1043 3134 1124 3184 oratio
1157 3151 1187 3185 ro
1206 3133 1260 3204 lege

228 3202 254 3253 in
266 3201 387 3272 populum
399 3205 539 3256 universum
550 3203 660 3256 seratum
679 3205 720 3256 sed
768 3205 879 3256 Manilia
906 3204 1000 3264 suadet,
1023 3216 1078 3254 tum
1107 3152 1259 3268 tesamenta‚

206 3291 207 3300 ¹
227 3271 259 3323 de
282 3289 311 3323 eo
334 3273 463 3340 quaeritur,
475 3291 506 3326 an
523 3273 549 3326 in
565 3273 720 3342 maieritum
767 3272 991 3343 arrogationesque,
1007 3276 1159 3342 curiataeque
1169 3275 1199 3326 de
1210 3277 1259 3328 im·

229 3337 268 3392 lex
285 3339 345 3394 ferri
364 3341 460 3404 debeat,
473 3361 530 3414 quse
552 3343 718 3396 retrovaleat.
738 3405 739 3412 ἵ
768 3344 836 3413 perio
845 3343 910 3412 leges
922 3344 969 3395 &c

227 3409 318 3462 Haecs
344 3412 393 3463 cies
412 3413 580 3465 tractatur-in
598 3413 720 3465 Plinianis
803 3431 849 3476 41.
868 3412 935 3465 circa
953 3411 1118 3478 Demetrium]
1140 3413 1166 3465 h.
1185 3431 1208 3466 e.
1227 3413 1259 3466 it-

227 3481 374 3548 quibudam
394 3482 426 3533 ad
447 3482 587 3548 Traianum
607 3482 715 3552 epistolis
768 3483 913 3536 liustetate.
933 3481 1040 3534 illustrat
1050 3483 1111 3534 hauc
1124 3480 1258 3536 formulam

226 3555 527 3618 r.g.ro.116et119.
561 3553 606 3604 Sed
619 3553 716 3620 decepit
765 3553 933 3604 Burmannus.
953 3554 1078 3604 Caeterum
1091 3552 1259 3608 Philanderet

226 3620 344 3672 nimirum
364 3621 533 3674 camerarium
551 3623 619 3690 quod
636 3622 739 3690 sequi·X
766 3623 880 3674 Pithoeus
900 3621 939 3674 hic
961 3621 1047 3691 respici
1069 3633 1157 3692 putant
1176 3623 1208 3674 ad
1227 3624 1258 3674 li-

226 3700 267 3741 tiu·
278 3687 305 3740 in
313 3688 420 3758 singulos
432 3690 545 3752 homines,
557 3710 620 3761 quos
638 3710 715 3762 oppo-
766 3693 840 3742 brom
869 3693 942 3743 Fabii
970 3692 1011 3746 de,
1024 3693 1111 3744 caussis
1135 3705 1259 3762 corruptae

225 3759 252 3810 ni
280 3772 310 3812 ut
333 3760 438 3812 alterum
461 3773 597 3814 extremum
619 3773 717 3832 putaret
765 3759 933 3830 eloquentiae
963 3762 991 3816 'in
1014 3763 1124 3831 Dialogo
1146 3763 1258 3834 quidem,

226 3829 327 3898 populo.
347 3830 407 3882 Vid.
421 3848 463 3882 no.
478 3849 550 3894 prox.
767 3833 812 3899 qui
823 3830 898 3882 exstat
909 3831 940 3882 de
958 3830 1004 3882 hoc
1022 3844 1177 3900 argumento,
1188 3832 1258 3886 nulle

262 3915 304 3962 37.
322 3899 349 3952 in
352 3899 459 3968 fingttlos
470 3899 586 3964 hemines]
602 3901 658 3951 Cic.
674 3917 719 3968 pro
767 3900 841 3966 hujus
852 3901 888 3967 rei
899 3900 994 3958 mentio
1005 3901 1046 3952 est.

225 3967 335 4020 domoc.
349 3988 444 4038 17.¹pr.
459 3971 548 4022 Vetant
558 3970 620 4036 leges
624 3972 716 4038 sacra·
801 3989 846 4034 42.
866 3969 949 4024 Licere
960 3973 1047 4022 aanor
1056 3970 1099 4040 est]
1125 3972 1164 4022 De
1182 3974 1255 4025 Orat.

229 4045 270 4096 ta,
282 4046 375 4096 vetant
386 4039 443 4092 XII
450 4037 550 4100 tabula,
562 4039 624 4108 leges
631 4038 719 4108 privis
769 4058 795 4104 3,
814 4058 857 4102 24.
886 4055 916 4092 ex
937 4041 1037 4109 persona
1057 4041 1143 4101 Crasfi,
1156 4042 1202 4094 ubi
1218 4055 1268 4094 ta-¹

227 4104 362 4162 hominibus
372 4108 496 4178 irrogare,
506 4108 575 4178 idest
586 4107 649 4160 enim
663 4107 718 4176 pri·
767 4127 822 4160 meu
835 4109 933 4162 Plotius
945 4127 993 4160 non
1005 4111 1145 4162 nominatur
1155 4115 1257 4164 :uomi-

148 4206 151 4211 ·
227 4173 357 4242 vilegium.
376 4181 478 4234 Eadem,
495 4179 586 4248 repetit
604 4179 634 4234 de
653 4179 727 4248 Lag.¹
768 4193 842 4230 natur
861 4191 944 4230 autem
965 4197 995 4230 ex
1013 4180 1141 4234 Ciceronis
1159 4182 1191 4232 ad
1213 4181 1256 4234 M.

232 4261 257 4308 3,
273 4263 314 4310 19.
335 4259 485 4315 quaetamen
504 4262 553 4302 non
571 4248 719 4301 indiscretim
768 4249 917 4301 Titinnium
939 4248 1039 4318 epistola
1065 4268 1080 4305 a
1104 4251 1187 4306 suero.
1217 4253 1258 4306 Dc

273 4334 361 4382 ΥΟΕ.
387 4337 413 4382 1.
765 4337 790 4380 Η
