2870 4916
330 340 346 436 f
395 373 564 436 ruam.
585 367 787 438 aaaron.
809 376 893 436 mu.
913 379 938 438 1.
959 393 988 451 3.
1031 327 1034 332 Δ
1164 396 1200 452 23

111 545 163 612 13
181 553 279 622 quam
298 533 451 636 corrigas,
478 557 551 626 quae
576 539 609 604 in
634 561 765 626 pravum
793 537 1015 605 induru‘e'nmt.
1058 538 1306 606 Pronum*

178 640 262 708 argu,
277 644 317 684 ne
333 625 411 708 quid
426 625 553 712 cupide,
568 625 699 711 nequid
714 626 870 711 improbe,
886 647 925 688 ne
948 623 1025 712 quid
1040 623 1204 712 impoten-

176 719 222 772 ter
241 707 349 788 fatiat,
375 711 554 776 monendus
579 711 622 774 est
647 733 745 798 puer:
768 711 1015 798 habendumque
1039 709 1072 776 iu
1096 712 1204 776 animo

172 791 290 882 semper
303 793 385 858 illud
400 795 633 883 Virgilianumr

355 930 438 998 Adeo
453 933 485 998 in
498 945 510 972 ²
524 931 631 996 terreris
646 931 819 1020 consuescere
833 930 955 996 multum
968 930 1019 1018 est.

108 1058 163 1121 14
173 1051 260 1118 cadi
275 1073 354 1116 vero
367 1053 535 1132 discentes,
550 1075 742 1140 quamquam
758 1064 791 1116 et
803 1065 968 1138 receptum
984 1052 1031 1133 fit,
1047 1063 1080 1117 et
1095 1053 1203 1144 Chry·
1288 1067 1296 1082 ·

142 1183 149 1190 -
171 1137 273 1224 lippus
288 1159 352 1202 non
369 1126 538 1224 impibbet,
555 1137 687 1204 minime
705 1137 818 1202 velim:
834 1137 987 1226 primum,
999 1138 1078 1225 quia
1098 1137 1203 1203 defor-

169 1246 221 1288 me
245 1237 347 1311 atqua
367 1223 476 1288 servile
497 1225 551 1302 est,
575 1221 608 1288 et
629 1237 727 1302 certe,
742 1223 832 1310 quod
853 1223 1052 1303 conveniat
1075 1235 1203 1292 aetatem
1310 1279 1314 1297 ,

169 1321 287 1388 mutes,
304 1307 420 1396 injuria
437 1334 445 1373 ε
466 1309 594 1389 deinde,
610 1307 697 1396 quod
712 1308 732 1372 fi
747 1309 802 1373 cui
817 1321 883 1372 tam
897 1310 941 1373 est
955 1331 1046 1374 mena
1062 1309 1202 1374 illibera-

143 1392 219 1474 lis,
246 1410 285 1458 ut
301 1395 525 1481 objurgatione
548 1417 612 1460 non
640 1393 830 1480 corrigatur,
847 1393 874 1458 is
896 1394 994 1458 etiam
1017 1393 1057 1458 ad
1079 1395 1316 1482 plagaa‚......

167 1493 204 1544 ut
221 1481 352 1566 peffima
374 1501 510 1566 quaeque
522 1479 692 1566 maritima,
709 1479 896 1544 durabitur:
924 1481 1090 1566 postrema,
1116 1481 1203 1566 quod

167 1579 207 1628 ne
222 1587 305 1650 opus
321 1565 383 1630 erit
396 1565 527 1652 quidem
543 1565 604 1630 bac
618 1562 834 1654 castigatione,
846 1564 866 1626 li
880 1564 1016 1631 uffiduus
1031 1565 1203 1630 studiorum

109 1648 156 1718 ¹5
167 1651 296 1716 trador
310 1650 464 1717 adstiterit
474 1653 498 1714 ⁶.
509 1652 618 1714 annc
633 1649 719 1715 fere‘
735 1647 936 1742 negligentia
950 1650 1204 1738 paedagogorum

166 1735 207 1800 fic
227 1736 395 1801 emendari
422 1735 580 1814 videturf,
605 1749 644 1800 ut
667 1735 757 1821 pueri
786 1757 850 1798 non
875 1733 990 1814 lacere,
1014 1758 1087 1822 quae
1115 1737 1203 1800 retia

165 1821 250 1900 lunt,
267 1834 438 1908 cogantur,
454 1821 518 1899 sed,
541 1832 641 1886 cumss
663 1842 727 1892 nnn
742 1819 887 1898 fecerint,
903 1821 1086 1906 puniantur.
1130 1822 1201 1884 De-

165 1905 264 1992 nique
280 1929 355 1970 cum
370 1907 541 1992 parvulum,
551 1907 737 1970 verberibus
758 1895 914 1990 coegeris,
931 1906 1009 1990 quid
1024 1905 1136 1992 juveni
1151 1906 1200 1970 fa-

166 1991 244 2070 nias,
260 1991 315 2056 cui
331 2011 391 2054 nec
405 1990 551 2056 adbiberi
566 1993 665 2080 potest
679 1989 734 2054 hic
752 2003 873 2067 ,metum
887 2003 923 2054 et
944 1990 1063 2076 majora
1077 1991 1200 2054 discen·

111 2061 208 2140 1⁶da
220 2077 316 2142 funt?
341 2076 539 2163 Addaquod
559 2077 663 2142 multa
684 2073 905 2166 vapulantibus
925 2075 1015 2140 dina
1033 2074 1200 2158 deformia,
1256 2140 1261 2146 ,

164 2173 201 2226 et
224 2184 302 2226 mox
325 2161 527 2228 verecundia
550 2161 668 2240 lutura,
689 2161 771 2246 saepe
799 2159 910 2224 dolore
930 2160 981 2231 vel
1002 2173 1093 2224 metu
1113 2147 1200 2225 acc‘i-

164 2247 266 2312 duut:
292 2247 347 2334 qui
365 2247 469 2334 pudor
483 2245 656 2334 refringith
671 2245 828 2326 animum,
843 2257 877 2310 et
891 2245 1016 2334 abjicit,
1030 2259 1126 2334 atque
1148 2247 1200 2332 ip.
1210 2277 1298 2288 -·-·-

164 2333 226 2398 lius
238 2333 323 2397 lucis
338 2331 446 2419 fingam
462 2344 497 2397 et
509 2331 645 2399 taedium
661 2329 773 2396 distat.
816 2331 890 2394 Jam
905 2331 926 2394 fi
948 2331 1053 2398 minor
1067 2331 1101 2396 in
1116 2331 1200 2396 deli-

191 2418 301 2483 endis¹
323 2414 490 2482 nullodum
507 2431 540 2482 et
554 2429 787 2506 maeueptorum
802 2415 945 2482 moribus
959 2416 1022 2481 suit
1036 2438 1122 2494 eura,
1137 2439 1200 2503 pu.

164 2441 221 2567 det
242 2503 361 2582 dicere,
377 2503 410 2567 in
433 2523 505 2590 quae
520 2504 635 2589 probra
656 2500 785 2566 nefandi
806 2501 955 2566 homines
975 2501 1033 2566 isto
1054 2502 1200 2571 caedendi

158 2587 235 2674 jure
249 2589 434 2666 abutantur,
449 2609 546 2672 quarn
561 2587 618 2651 det
631 2586 703 2650 aliis
717 2607 846 2674 quoque
861 2609 926 2650 non
942 2609 1117 2672 numquam
1140 2609 1199 2654 oc·

111 2667 149 2738 17
165 2673 323 2738 cabonem
352 2673 406 2737 hic
430 2672 615 2736 miser-orum
640 2684 756 2736 metus.
800 2673 878 2736 Non
894 2673 1042 2736 morabor
1064 2671 1096 2736 in
1112 2685 1200 2758 parte

164 2759 248 2824 hac:
283 2759 421 2824 nimium
442 2759 486 2822 est
506 2758 595 2844 quod
618 2755 828 2843 intelligitur.¹
866 2757 975 2822 Quare
1000 2756 1063 2821 hoc
1091 2757 1200 2824 dixiffe

198 2947 210 2976 ‘
229 2958 244 2991 a
255 2945 343 2992 teneris
353 2944 402 2995 alu.
412 2943 442 2991 G.
455 2942 529 2991 eadem
539 2941 640 2991 varietas
651 2943 674 2988 in
688 2941 749 3004 Virg.
764 2941 845 3003 Gurg.
859 2955 883 3000 2,
895 2951 950 3000 272.
1016 2938 1027 2970 ‘¹
1040 2941 1154 2988 extiterit
1165 2941 1197 2990 G,

164 3015 177 3040 ²
194 3010 292 3057 ναοῦ.
357 3007 368 3039 f
383 3010 503 3066 videntur,
521 3018 547 3054 ur
561 3007 706 3070 negligentia
715 3007 752 3070 fit
768 3005 814 3054 abl.
830 3007 886 3060 Bur.
950 3013 963 3046 ⁸
980 3019 1024 3054 cur
1035 3006 1066 3054 G.
1132 3007 1144 3042 ¹¹
1161 3021 1199 3056 re·

163 3074 254 3138 frangit
264 3075 297 3122 G.
362 3071 369 3104 ί
388 3073 503 3136 eligendis
514 3073 544 3122 G.

203 3253 247 3300 14·
261 3233 486 3307 Caedi-discentes]
505 3233 608 3286 Utinam
627 3251 657 3285 ex
705 3231 811 3299 ledicos3
827 3231 869 3298 ,sagi
877 3231 1033 3300 fundantes,
1045 3232 1141 3304 pigros,
1153 3251 1196 3286 ne.

165 3303 217 3358 alta
229 3307 293 3358 turri
305 3305 445 3357 concionari
461 3304 518 3374 quis
530 3304 656 3364 omnibus,
705 3302 740 3372 gl'
773 3315 826 3354 ntes
838 3302 886 3353 alia
908 3305 996 3370 quavis
1015 3305 1195 3368 angulanae.

165 3375 213 3446 qui
229 3375 306 3443 usque
319 3391 423 3454 quaque
436 3373 501 3434 sunt,
512 3373 656 3442 paedagogia
706 3373 745 3423 Co
758 3410 764 3422 .
779 3373 803 3433 6,
817 3390 842 3432 2,
858 3390 900 3423 11.
915 3369 1004 3423 Utilius
1014 3373 1053 3442 est,
1065 3373 1130 3423 citra
1141 3390 1194 3424 cor-

165 3445 213 3500 boc
233 3443 319 3514 poffet.
348 3446 408 3496 Non
425 3443 584 3526 aondonanda
603 3443 657 3494 sunt
701 3440 1142 3509 parisvexatr‘onrmfanuporiuset
1151 3441 1195 3510 fili

164 3516 251 3585 parvis
290 3513 357 3566 ueris
380 3523 498 3582 peccata,
527 3511 658 3564 revocandi
705 3509 834 3564 cubitorem
844 3509 933 3562 hovem
943 3512 1081 3562 emendare.

165 3585 241 3638 etiam
253 3534 334 3654 plaigis
351 3600 365 3634 a
382 3581 498 3662 pernicie,
510 3582 603 3650 quibus
616 3598 658 3652 per
751 3599 761 3632 1
768 3599 793 3646 ⁵·
823 3578 1122 3648 negligentia-videtur]
1152 3581 1193 3636 sic

164 3653 365 3706 imbecillitatem
378 3651 467 3717 judicii
484 3649 577 3702 consuli
587 3649 658 3700 aliter
705 3649 819 3701 dedimus
831 3667 861 3700 ex
873 3649 1002 3700 Gothano.
1033 3649 1194 3720 Negligentia

164 3723 313 3793 nonpotest.
346 3720 391 3772 Sed
409 3737 457 3772 non
475 3720 613 3790 putandum
625 3720 658 3771 est
706 3719 910 3789 paedagogorum,
922 3735 979 3786 quae
995 3720 1118 3789 permittit
1135 3738 1194 3789 pec.

198 3792 228 3846 sse
239 3791 324 3866 plagis
334 3790 408 3850 effici,
421 3800 450 3840 ut
459 3789 536 3877 discat
548 3806 617 3858 puer,
629 3801 658 3840 ut
706 3805 762 3840 care
781 3789 873 3858 pueris,
893 3787 1049 3840 emendatum
1069 3789 1120 3840 itur
1138 3807 1195 3859 pue·

182 3863 271 3932 iligens
295 3861 334 3914 fit.
373 3857 476 3910 Orbilii'
490 3857 581 3928 plagosi
603 3874 657 3908 ma·
679 3859 680 3862 ’
705 3857 756 3919 nis,
767 3874 824 3908 cum
836 3867 918 3909 tamen
929 3857 1079 3927 propositum
1092 3857 1135 3910 elle
1146 3858 1195 3912 hot

159 3933 238 4000 jorem
266 3941 366 4004 partem
392 3945 523 3998 puerorum
546 3945 656 3980 conum·
704 3927 821 3978 omnibus
841 3925 996 3996 debeat‚qui
1013 3927 1075 3978 alios
1093 3940 1193 3997 regunt,

161 4012 235 4074 punt,
253 4013 285 4054 ut
295 3999 378 4056 lludia
388 3999 483 4049 oderint
494 4007 559 4059 ante,
580 4015 656 4066 quarn
705 4007 734 4047 ut
746 3993 841 4051 canierae
851 3995 939 4050 malint
950 4005 1054 4066 peccata
1070 4011 1144 4067 quam
1155 3997 1183 4053 ul
1187 4030 1193 4044 ·

160 4084 262 4124 norunt.
301 4067 412 4128 Pulsate,
422 4065 438 4119 sr
448 4068 485 4118 ita
495 4067 602 4128 videtur,
614 4084 657 4136 pe·
698 4065 768 4138 aisti.

160 4143 281 4206 tubures,
306 4145 417 4194 coercete
436 4136 580 4192 verberibus
603 4151 657 4190 ma·

652 4217 774 4294 ⁰4.
