3022 4920
262 387 320 452 156
501 391 547 450 Μ.
568 389 693 448 naun
715 387 1062 452 QUINCTILIANI

261 553 402 620 stridat·
423 551 710 618 studiofis'dicendi
731 553 853 620 feram:
877 553 1187 704 utiqueprooemium,
1202 567 1236 620 et
1256 553 1291 620 id

260 641 377 728 quale,
401 639 544 726 proxima
564 638 642 704 huic
657 642 811 720 narratior
835 661 908 726 quae
922 639 974 704 lex
1010 641 1104 705 einde
1123 641 1268 706 narrandi
1279 666 1305 720 3‘·

256 725 410 814 propoſstio
435 725 500 810 post
522 725 617 802 hanc,
634 725 696 804 vel,
713 739 751 790 ut
774 725 960 812 quibusdam
983 725 1115 812 placuit,
1137 727 1289 874 excurpm

261 827 331 876 tum
352 823 445 874 certus
465 812 534 876 ordo
555 810 754 898 quaestionum,
770 823 949 897 ceteraque,
963 834 1037 898 quae
1063 811 1151 876 velut
1166 813 1185 876 sr
1201 813 1293 876 aiter

260 895 364 960 sacere
392 895 438 960 fas
467 919 531 960 nou
562 897 610 975 fit,
636 895 766 982 quidam
794 909 982 982 tamquam⁹
1006 896 1078 984 jussi
1106 898 1136 960 se
1161 911 1291 964 uuntur.

260 985 337 1046 Erat
350 979 436 1046 enim
458 982 616 1046 rhetorice
632 1003 681 1046 res
694 982 817 1068 prorsus
839 980 941 1045 facilis
963 1003 999 1045 ac
1021 921 1162 1068 parvuli
1178 1005 1245 1046 uno
1259 993 1323 1046 eta

261 1068 349 1132 brevi
378 1067 559 1154 prescripto
586 1067 822 1132 contineretur:
860 1065 912 1130 sed
945 1081 1109 1131 mutantur
1141 1067 1294 1156 plerane

262 1153 383 1232 caussis,
415 1154 626 1238 temporibus,
654 1151 826 1230 occasione,
850 1153 1039 1217 neceffitate.
1084 1154 1196 1239 Atque
1220 1092 1294 1218 ileo

262 1261 313 1304 res
328 1239 360 1302 iu
378 1253 502 1304 oratore
516 1239 677 1326 praecipua
691 1236 852 1302 consilium
868 1237 921 1316 est,
937 1239 1014 1324 quia
1030 1239 1125 1316 varie,
1140 1237 1227 1302 etad
1242 1261 1292 1304 re-

263 1347 335 1388 rum
351 1337 515 1388 momenta
529 1322 733 1388 convortitur.
766 1321 855 1388 Quid
868 1323 954 1386 enim
969 1323 1011 1386 sit
1034 1325 1214 1409 praecipias¹
1231 1324 1321 1400 im·3

263 1411 413 1498 peratori,
437 1410 564 1495 quoties
583 1409 684 1474 aciem
709 1407 849 1484 instruet,
867 1407 984 1494 dirigat
1010 1408 1158 1486 frontem,
1176 1431 1296 1472 cornua

265 1496 428 1581 utrimque
451 1508 646 1579 promoveat,
667 1493 792 1579 equites
813 1515 870 1579 pro
896 1495 1045 1558 comibus
1069 1495 1177 1558 locet?
1225 1495 1296 1558 Erit

264 1581 336 1646 haec
351 1581 480 1666 quidem
496 1579 661 1645 redtiffima
675 1577 799 1642 sortasse
822 1579 914 1658 ratio,
931 1581 1057 1664 quoties
1079 1579 1192 1644 licebit
1210 1605 1218 1642 ε
1242 1580 1296 1644 sed

265 1667 441 1730 mutabitur
456 1679 568 1728 natura
583 1663 689 1743 loci,sr
706 1685 797 1728 mona
811 1665 1000 1742 occurrens
1015 1667 1134 1730 flumen
1148 1665 1295 1744 obstabit,

265 1753 304 1815 sr'
329 1749 475 1828 collibus,
492 1751 597 1836 sylvis,
615 1750 778 1836 asperitate
791 1749 852 1814 alia
873 1751 1124 1834 prohibebitur..
1150 1751 1328 1824 Mutabit4

265 1837 402 1900 hostiurn
430 1858 543 1922 genua,
568 1835 707 1900 mutabit
732 1835 893 1920 praesentis
920 1837 1064 1900 conditio
1085 1836 1294 1902 discriminis:

266 1944 353 1986 nunc
377 1920 445 1984 acie
465 1920 596 1999 diresta,
619 1941 704 1984 nunc
726 1921 847 2000 cuneis,
868 1943 952 1984 nunc
978 1923 1116 2001 auxiliis,
1138 1944 1225 1986 nunc
1249 1921 1296 1985 le-

265 2009 364 2095 gione
383 2005 596 2092 pugnabitur:
621 2028 861 2092 nonnumquam
887 2021 980 2092 terga.
1001 2007 1098 2078 etiam
1124 2007 1240 2070 dedisse
1259 2007 1297 2070 sr-

266 2093 388 2156 mulata
401 2091 477 2177 suga
491 2091 642 2176 proderit.
687 2093 737 2154 Ita
751 2092 941 2175 prooemium
957 2093 1174 2172 necessarium,
1190 2115 1229 2156 an
1245 2093 1329 2168 [ιι-3

267 2199 457 2264 pervacuum
471 2185 497 2254 ‘3
522 2177 630 2253 breve,
653 2199 693 2239 an
718 2175 871 2263 longius3
897 2177 938 2240 ad
957 2177 1101 2264 judicem
1123 2179 1212 2241 omni
1234 2179 1297 2242 ser-

267 2285 363 2326 mone
377 2261 511 2340 discolo,
527 2283 567 2325 an
588 2261 759 2359 aliquando
777 2261 883 2326 arverso
930 2285 963 2326 er
986 2263 1126 2350 aliquam
1150 2264 1297 2351 figuram

266 2347 439 2412 dicendum
459 2347 515 2425 srt3
539 2347 703 2410 constricta
726 2369 765 2410 an
785 2347 881 2411 latius
898 2286 986 2412 sdsa¹¹
1009 2349 1167 2428 narrati03
1192 2349 1298 2414 couti-

268 2455 332 2498 nua
349 2455 389 2496 an
410 2431 525 2510 divisa;
549 2433 635 2498 rebla
661 2455 700 2498 an
726 2432 837 2497 ordine
859 2447 1050 2519 permutare,
1066 2436 1177 2500 caussae
1199 2435 1297 2499 doce·

266 2521 360 2584 bunt.
406 2519 553 2602 Itemque
574 2517 616 2581 de
637 2519 845 2606 quaestionum
867 2519 989 2598 ordine,
1008 2531 1107 2584 cum¹
1130 2521 1163 2584 in
1186 2511 1330 2584 eadem6

267 2603 475 2668 controversia
493 2603 580 2666 aliud
599 2601 654 2667 alii
673 2604 753 2690 parti
770 2605 861 2703 priua
875 2606 976 2690 quaeri
997 2604 1180 2692 ftequenter
1202 2627 1299 2692 expe-

267 2689 345 2753 diat.
388 2689 504 2776 Neque
518 2688 604 2751 enim
621 2689 841 2775 rogatiombus
856 2689 994 2776 plebisve
1008 2691 1093 2762 scitis
1110 2691 1215 2755 santia
1228 2691 1301 2754 sunt

267 2774 323 2856 ista
344 2793 447 2860 praece
469 2786 514 2852 ta,
538 2773 590 2838 sed
613 2773 677 2837 hoc
699 2773 857 2862 quidquid
878 2775 933 2853 est,
950 2776 1070 2840 utilitas
1093 2777 1298 2864 excogitavit.

267 2859 345 2924 Nou
369 2795 494 2946 negabo
510 2872 617 2922 autem
634 2859 675 2924 sto
697 2861 778 2924 utile
799 2861 859 2924 esse
881 2861 1084 3010 plerumque,
1101 2862 1220 2948 alioqui
1240 2867 1328 2934 ne07

268 2944 457 3008 scriberem:
481 2963 591 3008 verum
607 2945 627 3008 fi
642 2945 752 3009 eadem
768 2935 880 3010 illa'no
904 2945 931 3008 is
944 2946 1009 3009 aliu
1053 2946 1195 3010 suadebit
1209 2945 1300 3010 utili-

270 3044 332 3108 τις,
364 3029 446 3092 hanc
471 3029 589 3094 relidis
614 3032 834 3116 magistrorum
856 3031 1099 3094 auetoritatibus
1120 3032 1299 3116 sequemur.

265 3115 430 3204 Equidem
447 3113 488 3190 ,id
510 3117 650 3180 maxime
664 3115 855 3202 Praecipitem,
871 3141 907 3178 ac
919 3128 1048 3201 repetens
1062 3116 1223 3202 iterumque
1244 3105 1330 3178 ite-8

271 3195 393 3286 rumque
417 3201 559 3264 monebo:
597 3223 646 3264 res
671 3201 749 3264 duas
773 3201 806 3264 in
832 3199 921 3264 omni
950 3199 1023 3272 astu
1046 3199 1164 3286 spectet
1184 3213 1301 3279 orator,

271 3287 346 3386 qaid
358 3285 466 3364 decent,
484 3285 557 3371 quid
567 3286 714 3383 expediat.
758 3285 897 3372 Expedit
911 3298 1019 3348 autem
1035 3285 1114 3372 saepe
1126 3300 1248 3350 mutare
1263 3308 1303 3350 ex

271 3372 330 3439 rllo
344 3371 515 3434 constituto
531 3371 710 3456 traditoque
724 3371 834 3436 ordine
854 3369 971 3458 aliqua,
987 3383 1020 3434 et
1037 3369 1167 3436 interim
1189 3371 1300 3438 decet:

306 3555 481 3618 ⁰c0ntcrtptas
498 3557 528 3604 G.
539 3557 603 3604 Jens.
667 3563 776 3605 ttamen
796 3556 827 3602 G.
838 3556 901 3603 Jens.
913 3555 979 3606 male.
1043 3556 1303 3617 antemnaeque

273 3620 368 3673 fienim¹
384 3621 423 3668 rel.
506 3622 643 3684 ‘praecipis
655 3621 686 3668 G.
746 3627 833 3680 stom.
845 3621 876 3670 G.
887 3622 951 3669 Jens.
1032 3622 1260 3684 tsuperracaneum
1272 3621 1303 3668 G.

273 3691 285 3718 ⁸
306 3685 389 3739 diffusa
401 3687 432 3742 G.
443 3686 505 3734 lens.
571 3692 583 3718 ¹
602 3685 663 3734 reste
675 3685 714 3750 ὑφ’,
727 3687 758 3732 Ω.
767 3685 836 3758 Ιιεέὶα
845 3686 908 3735 lens.

261 3888 264 3892 ·
312 3849 767 3938 r.utiqueprooemiuri1]Nonbene
815 3875 869 3918 rent
890 3864 988 3926 melius,
1006 3864 1023 3918 sr
1043 3881 1205 3936 praeponeres,
1221 3873 1248 3916 ut
1258 3863 1303 3932 ſst,
1398 3875 1400 3878 ·

275 3937 319 3997 ista
336 3937 447 3990 connedli
456 3939 671 4007 precedentibus,
691 3950 766 4006 appa·
814 3935 853 3988 vel
865 3935 941 3988 simile
952 3937 1100 4004 quidquam.

274 4019 322 4060 ret.
361 4007 391 4058 ld
409 4007 487 4074 ipsum
498 3999 604 4082 ⁴quoqne
617 4007 689 4057 eredo
701 4006 766 4064 Gul-
852 4009 877 4055 8.
897 4003 1055 4073 Praeripiam]
1082 4003 1184 4072 Virgilii
1208 4021 1305 4056 carmen

275 4078 351 4129 laeum
363 4077 469 4137 movisse,
480 4089 509 4127 ur
520 4090 603 4130 rorum
614 4077 671 4137 hoc,
682 4076 714 4127 ab
726 4075 765 4126 his
816 4075 883 4130 AEn.
905 4091 929 4138 3,
940 4078 1002 4139 458,
1015 4073 1058 4126 nili
1074 4075 1142 4144 quod
1164 4075 1201 4128 ibi
1212 4073 1305 4127 ruat.

275 4148 358 4198 verbis
377 4145 431 4198 inde
446 4145 564 4214 usquead
577 4149 710 4216 tartaraque
728 4147 766 4196 in·
816 4161 880 4206 cam,
891 4145 1051 4215 repetasque.

276 4222 367 4270 sotum
384 4217 415 4268 ab
437 4215 486 4268 alio
506 4228 614 4286 putaret.
652 4215 767 4268 cohaere-
