<?xml version="1.0" encoding="UTF-8"?>
<!DOCTYPE html PUBLIC "-//W3C//DTD XHTML 1.0 Transitional//EN"
    "http://www.w3.org/TR/xhtml1/DTD/xhtml1-transitional.dtd">
<html xmlns="http://www.w3.org/1999/xhtml" xml:lang="en" lang="en">
 <head>
  <title>
</title>
<meta http-equiv="Content-Type" content="text/html;charset=utf-8" />
  <meta name='ocr-system' content='tesseract 3.04.00' />
  <meta name='ocr-capabilities' content='ocr_page ocr_carea ocr_par ocr_line ocrx_word'/>
</head>
<body>
  <div class='ocr_page' id='page_1' title='image "./mfabiiquinctili00quingoog_0259.png"; bbox 0 0 3024 4912; ppageno 0'>
   <div class='ocr_carea' id='block_1_1' title="bbox 420 333 1276 430">
    <p class='ocr_par' dir='ltr' id='par_1_1' title="bbox 420 333 1276 430">
     <span class='ocr_line' id='line_1_1' title="bbox 420 333 1276 430; baseline -0.008 -19"><span class='ocrx_word' id='word_1_1' title='bbox 420 333 589 410; x_wconf 77' lang='lat' dir='ltr'>ntsrrr.</span> <span class='ocrx_word' id='word_1_2' title='bbox 609 344 813 408; x_wconf 77' lang='lat' dir='ltr'>onnnon.</span> <span class='ocrx_word' id='word_1_3' title='bbox 834 344 920 404; x_wconf 79' lang='lat' dir='ltr'>ms.</span> <span class='ocrx_word' id='word_1_4' title='bbox 941 345 998 406; x_wconf 87' lang='lat' dir='ltr'>m.</span> <span class='ocrx_word' id='word_1_5' title='bbox 1021 365 1067 408; x_wconf 70' lang='grc' dir='ltr'>η.</span> <span class='ocrx_word' id='word_1_6' title='bbox 1196 351 1276 430; x_wconf 59' lang='grc' dir='ltr'>μσςΙ</span> 
     </span>
    </p>
   </div>
   <div class='ocr_carea' id='block_1_2' title="bbox 186 507 1361 4092">
    <p class='ocr_par' dir='ltr' id='par_1_2' title="bbox 186 507 1264 939">
     <span class='ocr_line' id='line_1_2' title="bbox 186 507 1260 604; baseline -0.002 -26"><span class='ocrx_word' id='word_1_7' title='bbox 186 509 369 604; x_wconf 66' lang='lat' dir='ltr'>gloriarum</span> <span class='ocrx_word' id='word_1_8' title='bbox 405 511 573 578; x_wconf 71' lang='lat' dir='ltr'>ustiones</span> <span class='ocrx_word' id='word_1_9' title='bbox 586 508 764 578; x_wconf 80' lang='lat' dir='ltr'><strong>variaverit.</strong></span> <span class='ocrx_word' id='word_1_10' title='bbox 802 508 969 577; x_wconf 87' lang='lat' dir='ltr'>Diversum</span> <span class='ocrx_word' id='word_1_11' title='bbox 984 507 1036 574; x_wconf 83' lang='lat' dir='ltr'>his</span> <span class='ocrx_word' id='word_1_12' title='bbox 1050 509 1183 576; x_wconf 84' lang='lat' dir='ltr'>tertium</span> <span class='ocrx_word' id='word_1_13' title='bbox 1198 535 1260 602; x_wconf 52' lang='lat' dir='ltr'>ges</span> 
     </span>
     <span class='ocr_line' id='line_1_3' title="bbox 221 531 1260 744; baseline 0 -82"><span class='ocrx_word' id='word_1_14' title='bbox 221 619 294 678; x_wconf 84' lang='lat' dir='ltr'>nus,</span> <span class='ocrx_word' id='word_1_15' title='bbox 318 531 408 684; x_wconf 72' lang='lat' dir='ltr'>quoll</span> <span class='ocrx_word' id='word_1_16' title='bbox 433 597 552 662; x_wconf 89' lang='lat' dir='ltr'>dicitur</span> <span class='ocrx_word' id='word_1_17' title='bbox 576 597 832 744; x_wconf 74' lang='lat' dir='ltr'>comparativum.-</span> <span class='ocrx_word' id='word_1_18' title='bbox 865 593 957 682; x_wconf 89' lang='lat' dir='ltr'>cujus</span> <span class='ocrx_word' id='word_1_19' title='bbox 981 595 1028 660; x_wconf 89' lang='lat' dir='ltr'>rei</span> <span class='ocrx_word' id='word_1_20' title='bbox 1049 595 1201 662; x_wconf 65' lang='lat' dir='ltr'>tractatus</span> <span class='ocrx_word' id='word_1_21' title='bbox 1225 599 1260 662; x_wconf 86' lang='lat' dir='ltr'>in</span> 
     </span>
     <span class='ocr_line' id='line_1_4' title="bbox 221 681 1264 770; baseline 0.001 -23"><span class='ocrx_word' id='word_1_22' title='bbox 221 684 431 770; x_wconf 82' lang='lat' dir='ltr'>partecauffae</span> <span class='ocrx_word' id='word_1_23' title='bbox 447 681 629 768; x_wconf 82' lang='lat' dir='ltr'>frequense</span> <span class='ocrx_word' id='word_1_24' title='bbox 667 705 675 744; x_wconf 76' lang='lat' dir='ltr'>r</span> <span class='ocrx_word' id='word_1_25' title='bbox 698 693 737 744; x_wconf 89' lang='lat' dir='ltr'>ut</span> <span class='ocrx_word' id='word_1_26' title='bbox 749 701 825 744; x_wconf 85' lang='lat' dir='ltr'>cam</span> <span class='ocrx_word' id='word_1_27' title='bbox 851 681 935 766; x_wconf 85' lang='lat' dir='ltr'>apud</span> <span class='ocrx_word' id='word_1_28' title='bbox 956 682 1171 748; x_wconf 87' lang='lat' dir='ltr'>centumviros</span> <span class='ocrx_word' id='word_1_29' title='bbox 1193 685 1264 770; x_wconf 78' lang='lat' dir='ltr'>post</span> 
     </span>
     <span class='ocr_line' id='line_1_5' title="bbox 222 765 1261 856; baseline 0.002 -24"><span class='ocrx_word' id='word_1_30' title='bbox 222 768 285 832; x_wconf 82' lang='lat' dir='ltr'>alia</span> <span class='ocrx_word' id='word_1_31' title='bbox 299 769 453 856; x_wconf 85' lang='lat' dir='ltr'>quaeritur</span> <span class='ocrx_word' id='word_1_32' title='bbox 468 782 502 832; x_wconf 89' lang='lat' dir='ltr'>et</span> <span class='ocrx_word' id='word_1_33' title='bbox 522 765 597 847; x_wconf 91' lang='lat' dir='ltr'>hoc,</span> <span class='ocrx_word' id='word_1_34' title='bbox 617 767 689 832; x_wconf 66' lang='grc' dir='ltr'>Πίον</span> <span class='ocrx_word' id='word_1_35' title='bbox 703 766 824 853; x_wconf 78' lang='lat' dir='ltr'><em>dignior</em></span> <span class='ocrx_word' id='word_1_36' title='bbox 838 766 1013 830; x_wconf 79' lang='lat' dir='ltr'>haerrditote</span> <span class='ocrx_word' id='word_1_37' title='bbox 1027 765 1104 850; x_wconf 79' lang='lat' dir='ltr'>fit?</span> <span class='ocrx_word' id='word_1_38' title='bbox 1140 769 1261 852; x_wconf 75' lang='lat' dir='ltr'>Rarum</span> 
     </span>
     <span class='ocr_line' id='line_1_6' title="bbox 222 850 1262 939; baseline 0.002 -21"><span class='ocrx_word' id='word_1_39' title='bbox 222 853 268 918; x_wconf 84' lang='lat' dir='ltr'>cst</span> <span class='ocrx_word' id='word_1_40' title='bbox 283 867 403 934; x_wconf 86' lang='lat' dir='ltr'>autem,</span> <span class='ocrx_word' id='word_1_41' title='bbox 417 867 454 919; x_wconf 88' lang='lat' dir='ltr'>ut</span> <span class='ocrx_word' id='word_1_42' title='bbox 468 854 502 918; x_wconf 88' lang='lat' dir='ltr'>in</span> <span class='ocrx_word' id='word_1_43' title='bbox 517 851 588 916; x_wconf 83' lang='lat' dir='ltr'>loro</span> <span class='ocrx_word' id='word_1_44' title='bbox 603 851 728 939; x_wconf 89' lang='lat' dir='ltr'>judicia</span> <span class='ocrx_word' id='word_1_45' title='bbox 741 863 867 937; x_wconf 85' lang='lat' dir='ltr'>propter</span> <span class='ocrx_word' id='word_1_46' title='bbox 882 850 915 914; x_wconf 90' lang='lat' dir='ltr'>id</span> <span class='ocrx_word' id='word_1_47' title='bbox 938 850 1040 914; x_wconf 89' lang='lat' dir='ltr'>solum</span> <span class='ocrx_word' id='word_1_48' title='bbox 1066 853 1262 920; x_wconf 73' lang='lat' dir='ltr'>constititco-</span> 
     </span>
    </p>

    <p class='ocr_par' dir='ltr' id='par_1_3' title="bbox 186 935 1261 1111">
     <span class='ocr_line' id='line_1_7' title="bbox 186 935 1261 1025; baseline 0.003 -23"><span class='ocrx_word' id='word_1_49' title='bbox 186 945 187 948; x_wconf 73' lang='grc'>’</span> <span class='ocrx_word' id='word_1_50' title='bbox 223 951 290 1020; x_wconf 85' lang='lat' dir='ltr'>tur,</span> <span class='ocrx_word' id='word_1_51' title='bbox 307 939 385 1005; x_wconf 88' lang='lat' dir='ltr'>ficut</span> <span class='ocrx_word' id='word_1_52' title='bbox 398 938 610 1012; x_wconf 81' lang='lat' dir='ltr'>divinationes,</span> <span class='ocrx_word' id='word_1_53' title='bbox 627 957 699 1025; x_wconf 80' lang='lat' dir='ltr'>quae</span> <span class='ocrx_word' id='word_1_54' title='bbox 713 936 796 1002; x_wconf 82' lang='lat' dir='ltr'>fiunt</span> <span class='ocrx_word' id='word_1_55' title='bbox 809 936 850 1000; x_wconf 87' lang='lat' dir='ltr'>de</span> <span class='ocrx_word' id='word_1_56' title='bbox 863 935 1041 1000; x_wconf 81' lang='lat' dir='ltr'>accusatore</span> <span class='ocrx_word' id='word_1_57' title='bbox 1064 939 1261 1005; x_wconf 59' lang='lat' dir='ltr'>constituens·</span> 
     </span>
     <span class='ocr_line' id='line_1_8' title="bbox 202 1021 1259 1111; baseline 0.003 -24"><span class='ocrx_word' id='word_1_58' title='bbox 202 1087 205 1092; x_wconf 76' lang='grc'>,</span> <span class='ocrx_word' id='word_1_59' title='bbox 222 1022 279 1104; x_wconf 90' lang='lat' dir='ltr'>do,</span> <span class='ocrx_word' id='word_1_60' title='bbox 294 1036 328 1089; x_wconf 91' lang='lat' dir='ltr'>et</span> <span class='ocrx_word' id='word_1_61' title='bbox 342 1045 586 1111; x_wconf 81' lang='lat' dir='ltr'><strong>nonnumquam</strong></span> <span class='ocrx_word' id='word_1_62' title='bbox 602 1023 685 1088; x_wconf 83' lang='lat' dir='ltr'>inter</span> <span class='ocrx_word' id='word_1_63' title='bbox 699 1021 870 1100; x_wconf 84' lang='lat' dir='ltr'>delatores,</span> <span class='ocrx_word' id='word_1_64' title='bbox 887 1021 962 1086; x_wconf 83' lang='lat' dir='ltr'>Utor</span> <span class='ocrx_word' id='word_1_65' title='bbox 972 1023 1130 1108; x_wconf 80' lang='lat' dir='ltr'>praemiam</span> <span class='ocrx_word' id='word_1_66' title='bbox 1144 1049 1259 1090; x_wconf 73' lang='lat' dir='ltr'>morae·</span> 
     </span>
    </p>

    <p class='ocr_par' dir='ltr' id='par_1_4' title="bbox 190 1108 1262 1790">
     <span class='ocr_line' id='line_1_9' title="bbox 190 1108 1260 1198; baseline -0.003 -22"><span class='ocrx_word' id='word_1_67' title='bbox 190 1109 300 1196; x_wconf 77' lang='lat' dir='ltr'>4rit?</span> <span class='ocrx_word' id='word_1_68' title='bbox 335 1111 534 1198; x_wconf 83' lang='lat' dir='ltr'>Adjecerunt</span> <span class='ocrx_word' id='word_1_69' title='bbox 561 1108 694 1195; x_wconf 84' lang='lat' dir='ltr'>quidam</span> <span class='ocrx_word' id='word_1_70' title='bbox 723 1127 858 1172; x_wconf 85' lang='lat' dir='ltr'>numero</span> <span class='ocrx_word' id='word_1_71' title='bbox 881 1118 1014 1170; x_wconf 82' lang='lat' dir='ltr'>mutuam</span> <span class='ocrx_word' id='word_1_72' title='bbox 1039 1109 1260 1196; x_wconf 69' lang='lat' dir='ltr'>accusativum,</span> 
     </span>
     <span class='ocr_line' id='line_1_10' title="bbox 225 1191 1262 1282; baseline 0.001 -22"><span class='ocrx_word' id='word_1_73' title='bbox 225 1216 299 1282; x_wconf 85' lang='lat' dir='ltr'>quse</span> <span class='ocrx_word' id='word_1_74' title='bbox 313 1195 531 1276; x_wconf 72' lang='grc' dir='ltr'>ἅντινανηγορὲα</span> <span class='ocrx_word' id='word_1_75' title='bbox 545 1205 697 1260; x_wconf 79' lang='lat' dir='ltr'>vocatur:</span> <span class='ocrx_word' id='word_1_76' title='bbox 722 1192 792 1256; x_wconf 87' lang='lat' dir='ltr'>aliis</span> <span class='ocrx_word' id='word_1_77' title='bbox 817 1191 967 1256; x_wconf 87' lang='lat' dir='ltr'>videlicet</span> <span class='ocrx_word' id='word_1_78' title='bbox 989 1191 1156 1258; x_wconf 82' lang='lat' dir='ltr'>succedere</span> <span class='ocrx_word' id='word_1_79' title='bbox 1177 1195 1262 1262; x_wconf 86' lang='lat' dir='ltr'>hanc</span> 
     </span>
     <span class='ocr_line' id='line_1_11' title="bbox 226 1276 1261 1368; baseline 0 -22"><span class='ocrx_word' id='word_1_80' title='bbox 226 1300 359 1368; x_wconf 86' lang='lat' dir='ltr'>quoque</span> <span class='ocrx_word' id='word_1_81' title='bbox 384 1279 602 1364; x_wconf 84' lang='lat' dir='ltr'>comparativo</span> <span class='ocrx_word' id='word_1_82' title='bbox 627 1278 738 1365; x_wconf 79' lang='lat' dir='ltr'>generi</span> <span class='ocrx_word' id='word_1_83' title='bbox 762 1276 1035 1341; x_wconf 82' lang='lat' dir='ltr'>existimantibus:</span> <span class='ocrx_word' id='word_1_84' title='bbox 1070 1278 1122 1342; x_wconf 87' lang='lat' dir='ltr'>cui</span> <span class='ocrx_word' id='word_1_85' title='bbox 1152 1279 1261 1346; x_wconf 82' lang='lat' dir='ltr'>similis</span> 
     </span>
     <span class='ocr_line' id='line_1_12' title="bbox 226 1361 1260 1452; baseline -0.008 -22"><span class='ocrx_word' id='word_1_86' title='bbox 226 1365 288 1430; x_wconf 93' lang='lat' dir='ltr'>erit</span> <span class='ocrx_word' id='word_1_87' title='bbox 302 1363 496 1452; x_wconf 87' lang='lat' dir='ltr'>petitionum</span> <span class='ocrx_word' id='word_1_88' title='bbox 511 1362 649 1428; x_wconf 86' lang='lat' dir='ltr'>invicem</span> <span class='ocrx_word' id='word_1_89' title='bbox 664 1361 877 1427; x_wconf 88' lang='lat' dir='ltr'>diversarum:</span> <span class='ocrx_word' id='word_1_90' title='bbox 902 1361 987 1446; x_wconf 88' lang='lat' dir='ltr'>quod</span> <span class='ocrx_word' id='word_1_91' title='bbox 1003 1363 1120 1427; x_wconf 87' lang='lat' dir='ltr'>accidit</span> <span class='ocrx_word' id='word_1_92' title='bbox 1132 1363 1182 1428; x_wconf 87' lang='lat' dir='ltr'>vel</span> <span class='ocrx_word' id='word_1_93' title='bbox 1197 1364 1260 1430; x_wconf 80' lang='lat' dir='ltr'>fre.</span> 
     </span>
     <span class='ocr_line' id='line_1_13' title="bbox 226 1445 1261 1538; baseline -0.004 -22"><span class='ocrx_word' id='word_1_94' title='bbox 226 1449 440 1538; x_wconf 86' lang='lat' dir='ltr'>quentiffime.</span> <span class='ocrx_word' id='word_1_95' title='bbox 486 1448 525 1512; x_wconf 92' lang='lat' dir='ltr'>Id</span> <span class='ocrx_word' id='word_1_96' title='bbox 549 1449 569 1512; x_wconf 84' lang='lat' dir='ltr'>sr</span> <span class='ocrx_word' id='word_1_97' title='bbox 594 1460 629 1512; x_wconf 89' lang='lat' dir='ltr'>et</span> <span class='ocrx_word' id='word_1_98' title='bbox 655 1447 757 1533; x_wconf 88' lang='lat' dir='ltr'>ipsum</span> <span class='ocrx_word' id='word_1_99' title='bbox 782 1446 889 1512; x_wconf 84' lang='lat' dir='ltr'>vocari</span> <span class='ocrx_word' id='word_1_100' title='bbox 913 1445 1010 1510; x_wconf 87' lang='lat' dir='ltr'>debet</span> <span class='ocrx_word' id='word_1_101' title='bbox 1033 1446 1261 1532; x_wconf 66' lang='grc' dir='ltr'>ἀντικατηγορίνι,</span> 
     </span>
     <span class='ocr_line' id='line_1_14' title="bbox 231 1532 1261 1621; baseline 0.001 -23"><span class='ocrx_word' id='word_1_102' title='bbox 231 1543 319 1621; x_wconf 88' lang='lat' dir='ltr'>(nam</span> <span class='ocrx_word' id='word_1_103' title='bbox 336 1533 462 1619; x_wconf 89' lang='lat' dir='ltr'>proprio</span> <span class='ocrx_word' id='word_1_104' title='bbox 476 1547 564 1598; x_wconf 83' lang='lat' dir='ltr'>caret</span> <span class='ocrx_word' id='word_1_105' title='bbox 578 1533 721 1616; x_wconf 90' lang='lat' dir='ltr'>nomine)</span> <span class='ocrx_word' id='word_1_106' title='bbox 738 1532 806 1598; x_wconf 90' lang='lat' dir='ltr'>duo</span> <span class='ocrx_word' id='word_1_107' title='bbox 818 1543 830 1573; x_wconf 73' lang='lat'><strong>⁰</strong></span> <span class='ocrx_word' id='word_1_108' title='bbox 843 1543 937 1596; x_wconf 91' lang='lat' dir='ltr'>erunt</span> <span class='ocrx_word' id='word_1_109' title='bbox 951 1547 1070 1618; x_wconf 81' lang='lat' dir='ltr'>genera</span> <span class='ocrx_word' id='word_1_110' title='bbox 1083 1532 1163 1619; x_wconf 85' lang='lat' dir='ltr'>ejus,</span> <span class='ocrx_word' id='word_1_111' title='bbox 1178 1533 1261 1599; x_wconf 81' lang='lat' dir='ltr'>altc-</span> 
     </span>
     <span class='ocr_line' id='line_1_15' title="bbox 225 1616 1261 1705; baseline -0.001 -21"><span class='ocrx_word' id='word_1_112' title='bbox 225 1642 313 1698; x_wconf 85' lang='lat' dir='ltr'>rum,</span> <span class='ocrx_word' id='word_1_113' title='bbox 342 1640 409 1705; x_wconf 91' lang='lat' dir='ltr'>quo</span> <span class='ocrx_word' id='word_1_114' title='bbox 436 1617 486 1682; x_wconf 89' lang='lat' dir='ltr'>liti</span> <span class='ocrx_word' id='word_1_115' title='bbox 512 1631 615 1684; x_wconf 86' lang='lat' dir='ltr'>atores</span> <span class='ocrx_word' id='word_1_116' title='bbox 645 1618 731 1684; x_wconf 90' lang='lat' dir='ltr'>idem</span> <span class='ocrx_word' id='word_1_117' title='bbox 761 1617 883 1682; x_wconf 86' lang='lat' dir='ltr'>crimen</span> <span class='ocrx_word' id='word_1_118' title='bbox 912 1617 1050 1682; x_wconf 87' lang='lat' dir='ltr'>invicem</span> <span class='ocrx_word' id='word_1_119' title='bbox 1078 1616 1237 1683; x_wconf 87' lang='lat' dir='ltr'>intentant</span> <span class='ocrx_word' id='word_1_120' title='bbox 1249 1644 1261 1702; x_wconf 68' lang='grc' dir='ltr'><strong><em>ς</em></strong></span> 
     </span>
     <span class='ocr_line' id='line_1_16' title="bbox 229 1642 1262 1790; baseline 0 -22"><span class='ocrx_word' id='word_1_121' title='bbox 229 1703 377 1782; x_wconf 84' lang='lat' dir='ltr'>alterum,</span> <span class='ocrx_word' id='word_1_122' title='bbox 400 1725 466 1789; x_wconf 91' lang='lat' dir='ltr'>quo</span> <span class='ocrx_word' id='word_1_123' title='bbox 481 1642 568 1768; x_wconf 63' lang='lat' dir='ltr'>aliud</span> <span class='ocrx_word' id='word_1_124' title='bbox 589 1717 685 1790; x_wconf 87' lang='lat' dir='ltr'>atque</span> <span class='ocrx_word' id='word_1_125' title='bbox 699 1701 799 1769; x_wconf 88' lang='lat' dir='ltr'>aliud.</span> <span class='ocrx_word' id='word_1_126' title='bbox 844 1701 906 1766; x_wconf 89' lang='lat' dir='ltr'>Cui</span> <span class='ocrx_word' id='word_1_127' title='bbox 920 1714 954 1766; x_wconf 88' lang='lat' dir='ltr'>et</span> <span class='ocrx_word' id='word_1_128' title='bbox 974 1700 1168 1787; x_wconf 90' lang='lat' dir='ltr'>petitionum</span> <span class='ocrx_word' id='word_1_129' title='bbox 1183 1725 1262 1768; x_wconf 87' lang='lat' dir='ltr'>con-</span> 
     </span>
    </p>

    <p class='ocr_par' dir='ltr' id='par_1_5' title="bbox 193 1787 1262 2133">
     <span class='ocr_line' id='line_1_17' title="bbox 193 1787 1262 1886; baseline 0.001 -32"><span class='ocrx_word' id='word_1_130' title='bbox 193 1805 216 1879; x_wconf 79' lang='lat'><em>5</em></span> <span class='ocrx_word' id='word_1_131' title='bbox 231 1789 312 1854; x_wconf 87' lang='lat' dir='ltr'>ditio</span> <span class='ocrx_word' id='word_1_132' title='bbox 327 1811 382 1876; x_wconf 83' lang='lat' dir='ltr'>par</span> <span class='ocrx_word' id='word_1_133' title='bbox 393 1787 488 1862; x_wconf 47' lang='lat' dir='ltr'>lest„</span> <span class='ocrx_word' id='word_1_134' title='bbox 521 1787 605 1854; x_wconf 88' lang='lat' dir='ltr'>Cum</span> <span class='ocrx_word' id='word_1_135' title='bbox 620 1789 798 1875; x_wconf 79' lang='lat' dir='ltr'>apparuerit</span> <span class='ocrx_word' id='word_1_136' title='bbox 811 1809 915 1886; x_wconf 75' lang='lat' dir='ltr'>genus</span> <span class='ocrx_word' id='word_1_137' title='bbox 930 1787 1053 1876; x_wconf 75' lang='lat' dir='ltr'>cauisse,</span> <span class='ocrx_word' id='word_1_138' title='bbox 1069 1801 1139 1850; x_wconf 90' lang='lat' dir='ltr'>tum</span> <span class='ocrx_word' id='word_1_139' title='bbox 1153 1789 1262 1854; x_wconf 86' lang='lat' dir='ltr'>intue-</span> 
     </span>
     <span class='ocr_line' id='line_1_18' title="bbox 230 1871 1262 1960; baseline -0.003 -19"><span class='ocrx_word' id='word_1_140' title='bbox 230 1875 347 1956; x_wconf 87' lang='lat' dir='ltr'>bimur,</span> <span class='ocrx_word' id='word_1_141' title='bbox 364 1895 404 1938; x_wconf 86' lang='lat' dir='ltr'>ns</span> <span class='ocrx_word' id='word_1_142' title='bbox 429 1886 541 1938; x_wconf 87' lang='lat' dir='ltr'>etume</span> <span class='ocrx_word' id='word_1_143' title='bbox 567 1873 700 1953; x_wconf 67' lang='lat' dir='ltr'>factum,</span> <span class='ocrx_word' id='word_1_144' title='bbox 716 1873 802 1960; x_wconf 91' lang='lat' dir='ltr'>quod</span> <span class='ocrx_word' id='word_1_145' title='bbox 824 1871 1022 1936; x_wconf 76' lang='lat' dir='ltr'>intenditur?</span> <span class='ocrx_word' id='word_1_146' title='bbox 1048 1893 1088 1936; x_wconf 85' lang='lat' dir='ltr'>an</span> <span class='ocrx_word' id='word_1_147' title='bbox 1109 1873 1262 1940; x_wconf 83' lang='lat' dir='ltr'>defenda-</span> 
     </span>
     <span class='ocr_line' id='line_1_19' title="bbox 228 1896 1262 2046; baseline 0.001 -21"><span class='ocrx_word' id='word_1_148' title='bbox 228 1973 282 2025; x_wconf 86' lang='lat' dir='ltr'>tur</span> <span class='ocrx_word' id='word_1_149' title='bbox 298 1963 309 2026; x_wconf 76' lang='lat'><em>2</em></span> <span class='ocrx_word' id='word_1_150' title='bbox 334 1982 374 2028; x_wconf 84' lang='lat' dir='ltr'>an</span> <span class='ocrx_word' id='word_1_151' title='bbox 389 1896 453 2024; x_wconf 68' lang='lat' dir='ltr'>alio</span> <span class='ocrx_word' id='word_1_152' title='bbox 467 1960 598 2024; x_wconf 87' lang='lat' dir='ltr'>nomine</span> <span class='ocrx_word' id='word_1_153' title='bbox 612 1960 819 2046; x_wconf 67' lang='lat' dir='ltr'>appelletur?</span> <span class='ocrx_word' id='word_1_154' title='bbox 835 1979 876 2022; x_wconf 86' lang='lat' dir='ltr'>an</span> <span class='ocrx_word' id='word_1_155' title='bbox 896 1979 1047 2045; x_wconf 78' lang='lat' dir='ltr'>agenore</span> <span class='ocrx_word' id='word_1_156' title='bbox 1059 1957 1195 2025; x_wconf 74' lang='lat' dir='ltr'>aaronis</span> <span class='ocrx_word' id='word_1_157' title='bbox 1209 1981 1262 2026; x_wconf 89' lang='lat' dir='ltr'>re·</span> 
     </span>
     <span class='ocr_line' id='line_1_20' title="bbox 227 2043 814 2133; baseline 0.005 -22"><span class='ocrx_word' id='word_1_158' title='bbox 227 2045 387 2133; x_wconf 74' lang='lat' dir='ltr'>pellatur⁸</span> <span class='ocrx_word' id='word_1_159' title='bbox 402 2047 413 2110; x_wconf 84' lang='lat' dir='ltr'>l</span> <span class='ocrx_word' id='word_1_160' title='bbox 438 2043 525 2110; x_wconf 90' lang='lat' dir='ltr'>unde</span> <span class='ocrx_word' id='word_1_161' title='bbox 539 2046 611 2110; x_wconf 86' lang='lat' dir='ltr'>sunt</span> <span class='ocrx_word' id='word_1_162' title='bbox 624 2047 732 2110; x_wconf 84' lang='lat' dir='ltr'>status.</span> <span class='ocrx_word' id='word_1_163' title='bbox 811 2111 814 2114; x_wconf 83' lang='lat'><em>.</em></span> 
     </span>
    </p>

    <p class='ocr_par' dir='ltr' id='par_1_6' title="bbox 229 2127 1265 2473">
     <span class='ocr_line' id='line_1_21' title="bbox 272 2127 1261 2216; baseline 0 -20"><span class='ocrx_word' id='word_1_164' title='bbox 272 2133 334 2198; x_wconf 90' lang='lat' dir='ltr'>XI.</span> <span class='ocrx_word' id='word_1_165' title='bbox 360 2131 486 2216; x_wconf 88' lang='lat' dir='ltr'><strong>(XIII.)</strong></span> <span class='ocrx_word' id='word_1_166' title='bbox 506 2131 568 2195; x_wconf 88' lang='lat' dir='ltr'>His</span> <span class='ocrx_word' id='word_1_167' title='bbox 583 2131 732 2208; x_wconf 85' lang='lat' dir='ltr'>inventis,</span> <span class='ocrx_word' id='word_1_168' title='bbox 748 2127 940 2194; x_wconf 86' lang='lat' dir='ltr'>intuendum</span> <span class='ocrx_word' id='word_1_169' title='bbox 955 2127 1105 2216; x_wconf 80' lang='lat' dir='ltr'>deinceps</span> <span class='ocrx_word' id='word_1_170' title='bbox 1121 2129 1261 2196; x_wconf 82' lang='lat' dir='ltr'>Herma·</span> 
     </span>
     <span class='ocr_line' id='line_1_22' title="bbox 229 2214 1265 2305; baseline -0.001 -23"><span class='ocrx_word' id='word_1_171' title='bbox 229 2238 319 2305; x_wconf 79' lang='lat' dir='ltr'>gotie</span> <span class='ocrx_word' id='word_1_172' title='bbox 334 2219 472 2294; x_wconf 89' lang='lat' dir='ltr'>videtur,</span> <span class='ocrx_word' id='word_1_173' title='bbox 487 2215 567 2302; x_wconf 89' lang='lat' dir='ltr'>quid</span> <span class='ocrx_word' id='word_1_174' title='bbox 581 2218 618 2280; x_wconf 87' lang='lat' dir='ltr'>fit</span> <span class='ocrx_word' id='word_1_175' title='bbox 633 2214 762 2304; x_wconf 62' lang='lat' dir='ltr'>quaestio,</span> <span class='ocrx_word' id='word_1_176' title='bbox 774 2215 863 2295; x_wconf 83' lang='lat' dir='ltr'>ratio,</span> <span class='ocrx_word' id='word_1_177' title='bbox 877 2214 1039 2304; x_wconf 81' lang='lat' dir='ltr'>judicatio,</span> <span class='ocrx_word' id='word_1_178' title='bbox 1055 2215 1213 2302; x_wconf 80' lang='lat' dir='ltr'>contineris,</span> <span class='ocrx_word' id='word_1_179' title='bbox 1229 2215 1265 2282; x_wconf 79' lang='lat' dir='ltr'>id</span> 
     </span>
     <span class='ocr_line' id='line_1_23' title="bbox 229 2299 1263 2400; baseline 0 -33"><span class='ocrx_word' id='word_1_180' title='bbox 229 2303 275 2367; x_wconf 87' lang='lat' dir='ltr'>est</span> <span class='ocrx_word' id='word_1_181' title='bbox 290 2305 420 2386; x_wconf 79' lang='grc' dir='ltr'><em>συνέχον,</em></span> <span class='ocrx_word' id='word_1_182' title='bbox 434 2301 498 2380; x_wconf 86' lang='lat' dir='ltr'>rel,</span> <span class='ocrx_word' id='word_1_183' title='bbox 513 2314 552 2366; x_wconf 92' lang='lat' dir='ltr'>ut</span> <span class='ocrx_word' id='word_1_184' title='bbox 570 2302 624 2366; x_wconf 86' lang='lat' dir='ltr'>alii</span> <span class='ocrx_word' id='word_1_185' title='bbox 639 2314 766 2380; x_wconf 85' lang='lat' dir='ltr'>vocant,</span> <span class='ocrx_word' id='word_1_186' title='bbox 779 2301 1017 2400; x_wconf 77' lang='lat' dir='ltr'>firmamentum.</span> <span class='ocrx_word' id='word_1_187' title='bbox 1064 2299 1192 2386; x_wconf 66' lang='lat' dir='ltr'>Quaestio</span> <span class='ocrx_word' id='word_1_188' title='bbox 1214 2302 1263 2367; x_wconf 80' lang='lat' dir='ltr'>la·</span> 
     </span>
     <span class='ocr_line' id='line_1_24' title="bbox 230 2385 1264 2473; baseline 0 -21"><span class='ocrx_word' id='word_1_189' title='bbox 230 2385 297 2452; x_wconf 83' lang='lat' dir='ltr'>tius</span> <span class='ocrx_word' id='word_1_190' title='bbox 310 2385 505 2473; x_wconf 85' lang='lat' dir='ltr'>intelligitur</span> <span class='ocrx_word' id='word_1_191' title='bbox 519 2387 635 2467; x_wconf 91' lang='lat' dir='ltr'>omnis,</span> <span class='ocrx_word' id='word_1_192' title='bbox 651 2387 691 2451; x_wconf 87' lang='lat' dir='ltr'>dc</span> <span class='ocrx_word' id='word_1_193' title='bbox 704 2409 770 2472; x_wconf 87' lang='lat' dir='ltr'>qua</span> <span class='ocrx_word' id='word_1_194' title='bbox 783 2408 816 2450; x_wconf 88' lang='lat' dir='ltr'>m</span> <span class='ocrx_word' id='word_1_195' title='bbox 831 2398 1001 2472; x_wconf 83' lang='lat' dir='ltr'>utramque</span> <span class='ocrx_word' id='word_1_196' title='bbox 1014 2399 1148 2470; x_wconf 86' lang='lat' dir='ltr'>partem,</span> <span class='ocrx_word' id='word_1_197' title='bbox 1164 2385 1215 2450; x_wconf 87' lang='lat' dir='ltr'>vel</span> <span class='ocrx_word' id='word_1_198' title='bbox 1229 2388 1264 2452; x_wconf 88' lang='lat' dir='ltr'>in</span> 
     </span>
    </p>

    <p class='ocr_par' dir='ltr' id='par_1_7' title="bbox 196 2469 1361 4092">
     <span class='ocr_line' id='line_1_25' title="bbox 196 2469 1266 2558; baseline -0.004 -16"><span class='ocrx_word' id='word_1_199' title='bbox 196 2471 337 2558; x_wconf 66' lang='lat' dir='ltr'>aplures</span> <span class='ocrx_word' id='word_1_200' title='bbox 352 2469 417 2534; x_wconf 92' lang='lat' dir='ltr'>dici</span> <span class='ocrx_word' id='word_1_201' title='bbox 430 2469 626 2538; x_wconf 88' lang='lat' dir='ltr'>credibiliter</span> <span class='ocrx_word' id='word_1_202' title='bbox 639 2473 750 2558; x_wconf 84' lang='lat' dir='ltr'>potest.</span> <span class='ocrx_word' id='word_1_203' title='bbox 795 2472 834 2534; x_wconf 93' lang='lat' dir='ltr'>In</span> <span class='ocrx_word' id='word_1_204' title='bbox 848 2469 996 2556; x_wconf 87' lang='lat' dir='ltr'>judiciali</span> <span class='ocrx_word' id='word_1_205' title='bbox 1009 2481 1117 2534; x_wconf 87' lang='lat' dir='ltr'>autem</span> <span class='ocrx_word' id='word_1_206' title='bbox 1132 2473 1266 2538; x_wconf 78' lang='lat' dir='ltr'>materia</span> 
     </span>
     <span class='ocr_line' id='line_1_26' title="bbox 231 2553 1265 2644; baseline 0 -24"><span class='ocrx_word' id='word_1_207' title='bbox 231 2555 403 2644; x_wconf 86' lang='lat' dir='ltr'>dupliciter</span> <span class='ocrx_word' id='word_1_208' title='bbox 416 2553 602 2642; x_wconf 85' lang='lat' dir='ltr'>accipienda</span> <span class='ocrx_word' id='word_1_209' title='bbox 616 2559 678 2622; x_wconf 84' lang='lat' dir='ltr'>est:</span> <span class='ocrx_word' id='word_1_210' title='bbox 701 2555 801 2620; x_wconf 80' lang='lat' dir='ltr'>altero</span> <span class='ocrx_word' id='word_1_211' title='bbox 815 2553 925 2636; x_wconf 89' lang='lat' dir='ltr'>modo,</span> <span class='ocrx_word' id='word_1_212' title='bbox 939 2577 1004 2641; x_wconf 91' lang='lat' dir='ltr'>quo</span> <span class='ocrx_word' id='word_1_213' title='bbox 1024 2553 1163 2622; x_wconf 86' lang='lat' dir='ltr'>dicimus</span> <span class='ocrx_word' id='word_1_214' title='bbox 1178 2556 1265 2620; x_wconf 85' lang='lat' dir='ltr'>mul·</span> 
     </span>
     <span class='ocr_line' id='line_1_27' title="bbox 203 2640 1266 2738; baseline 0.001 -32"><span class='ocrx_word' id='word_1_215' title='bbox 203 2673 204 2676; x_wconf 38' lang='lat'>¹</span> <span class='ocrx_word' id='word_1_216' title='bbox 231 2655 282 2706; x_wconf 85' lang='lat' dir='ltr'>tas</span> <span class='ocrx_word' id='word_1_217' title='bbox 306 2641 494 2726; x_wconf 78' lang='lat' dir='ltr'>quaelliones</span> <span class='ocrx_word' id='word_1_218' title='bbox 519 2642 636 2706; x_wconf 85' lang='lat' dir='ltr'>habere</span> <span class='ocrx_word' id='word_1_219' title='bbox 659 2641 912 2720; x_wconf 80' lang='lat' dir='ltr'>controversiam,</span> <span class='ocrx_word' id='word_1_220' title='bbox 927 2661 994 2738; x_wconf 86' lang='lat' dir='ltr'>quo</span> <span class='ocrx_word' id='word_1_221' title='bbox 1014 2640 1111 2704; x_wconf 84' lang='lat' dir='ltr'>etism</span> <span class='ocrx_word' id='word_1_222' title='bbox 1126 2640 1266 2708; x_wconf 88' lang='lat' dir='ltr'>minores</span> 
     </span>
     <span class='ocr_line' id='line_1_28' title="bbox 232 2725 1267 2812; baseline 0.002 -22"><span class='ocrx_word' id='word_1_223' title='bbox 232 2748 346 2792; x_wconf 89' lang='lat' dir='ltr'>omnes</span> <span class='ocrx_word' id='word_1_224' title='bbox 360 2725 627 2811; x_wconf 72' lang='lat' dir='ltr'>complectimur:</span> <span class='ocrx_word' id='word_1_225' title='bbox 650 2728 761 2806; x_wconf 86' lang='lat' dir='ltr'>altero,</span> <span class='ocrx_word' id='word_1_226' title='bbox 783 2747 850 2812; x_wconf 90' lang='lat' dir='ltr'>quo</span> <span class='ocrx_word' id='word_1_227' title='bbox 873 2725 1086 2811; x_wconf 72' lang='lat' dir='ltr'>fignificamus</span> <span class='ocrx_word' id='word_1_228' title='bbox 1108 2725 1267 2792; x_wconf 80' lang='lat' dir='ltr'>summam</span> 
     </span>
     <span class='ocr_line' id='line_1_29' title="bbox 231 2809 1346 2898; baseline -0.002 -22"><span class='ocrx_word' id='word_1_229' title='bbox 231 2810 335 2896; x_wconf 88' lang='lat' dir='ltr'>illam,</span> <span class='ocrx_word' id='word_1_230' title='bbox 350 2809 382 2873; x_wconf 92' lang='lat' dir='ltr'>in</span> <span class='ocrx_word' id='word_1_231' title='bbox 398 2832 462 2896; x_wconf 84' lang='lat' dir='ltr'>qua</span> <span class='ocrx_word' id='word_1_232' title='bbox 477 2811 580 2876; x_wconf 79' lang='lat' dir='ltr'>caulis</span> <span class='ocrx_word' id='word_1_233' title='bbox 593 2813 745 2876; x_wconf 85' lang='lat' dir='ltr'>vertitur:</span> <span class='ocrx_word' id='word_1_234' title='bbox 768 2810 886 2882; x_wconf 87' lang='lat' dir='ltr'>dehac</span> <span class='ocrx_word' id='word_1_235' title='bbox 900 2832 987 2874; x_wconf 90' lang='lat' dir='ltr'>nunc</span> <span class='ocrx_word' id='word_1_236' title='bbox 1000 2810 1124 2896; x_wconf 84' lang='lat' dir='ltr'>loquor,</span> <span class='ocrx_word' id='word_1_237' title='bbox 1139 2833 1180 2874; x_wconf 86' lang='lat' dir='ltr'>ex</span> <span class='ocrx_word' id='word_1_238' title='bbox 1202 2833 1268 2898; x_wconf 84' lang='lat' dir='ltr'>qua</span> <span class='ocrx_word' id='word_1_239' title='bbox 1340 2863 1346 2874; x_wconf 87' lang='lat'><strong>.</strong></span> 
     </span>
     <span class='ocr_line' id='line_1_30' title="bbox 207 2895 1361 3046; baseline 0 -86"><span class='ocrx_word' id='word_1_240' title='bbox 207 2896 371 2962; x_wconf 61' lang='lat' dir='ltr'>[nascitur</span> <span class='ocrx_word' id='word_1_241' title='bbox 386 2895 492 2974; x_wconf 78' lang='lat' dir='ltr'>statuS,</span> <span class='ocrx_word' id='word_1_242' title='bbox 507 2897 560 2960; x_wconf 87' lang='lat' dir='ltr'>An</span> <span class='ocrx_word' id='word_1_243' title='bbox 562 2896 687 2983; x_wconf 70' lang='lat' dir='ltr'>fatiam</span> <span class='ocrx_word' id='word_1_244' title='bbox 701 2895 760 2960; x_wconf 79' lang='lat' dir='ltr'>sit?</span> <span class='ocrx_word' id='word_1_245' title='bbox 789 2895 873 2981; x_wconf 81' lang='lat' dir='ltr'>Quid</span> <span class='ocrx_word' id='word_1_246' title='bbox 883 2895 893 2934; x_wconf 68' lang='lat' dir='ltr'>f</span> <span class='ocrx_word' id='word_1_247' title='bbox 894 2895 1017 3046; x_wconf 45' lang='lat' dir='ltr'>{aarum</span> <span class='ocrx_word' id='word_1_248' title='bbox 1032 2897 1088 2958; x_wconf 75' lang='lat' dir='ltr'>sn?</span> <span class='ocrx_word' id='word_1_249' title='bbox 1121 2896 1268 2966; x_wconf 67' lang='lat' dir='ltr'>Anrecdc</span> <span class='ocrx_word' id='word_1_250' title='bbox 1357 2975 1361 2980; x_wconf 23' lang='grc' dir='ltr'><em>ι</em></span> 
     </span>
     <span class='ocr_line' id='line_1_31' title="bbox 199 2979 1345 3070; baseline 0 -24"><span class='ocrx_word' id='word_1_251' title='bbox 199 3003 219 3070; x_wconf 82' lang='lat'><strong>3</strong></span> <span class='ocrx_word' id='word_1_252' title='bbox 223 2982 348 3070; x_wconf 71' lang='lat' dir='ltr'>facturn</span> <span class='ocrx_word' id='word_1_253' title='bbox 362 2980 428 3044; x_wconf 80' lang='lat' dir='ltr'>sit?</span> <span class='ocrx_word' id='word_1_254' title='bbox 449 2983 519 3046; x_wconf 86' lang='lat' dir='ltr'>Has</span> <span class='ocrx_word' id='word_1_255' title='bbox 534 2984 763 3069; x_wconf 84' lang='lat' dir='ltr'>Hermagoras,</span> <span class='ocrx_word' id='word_1_256' title='bbox 775 2995 809 3044; x_wconf 91' lang='lat' dir='ltr'>et</span> <span class='ocrx_word' id='word_1_257' title='bbox 823 2982 897 3068; x_wconf 91' lang='lat' dir='ltr'>Apo</span> <span class='ocrx_word' id='word_1_258' title='bbox 923 2979 1053 3058; x_wconf 78' lang='lat' dir='ltr'>odorae,</span> <span class='ocrx_word' id='word_1_259' title='bbox 1068 2993 1101 3043; x_wconf 91' lang='lat' dir='ltr'>et</span> <span class='ocrx_word' id='word_1_260' title='bbox 1124 2981 1178 3044; x_wconf 85' lang='lat' dir='ltr'>alii</span> <span class='ocrx_word' id='word_1_261' title='bbox 1193 2982 1266 3068; x_wconf 88' lang='lat' dir='ltr'>plu·</span> <span class='ocrx_word' id='word_1_262' title='bbox 1343 2995 1345 3000; x_wconf 83' lang='grc'>’</span> 
     </span>
     <span class='ocr_line' id='line_1_32' title="bbox 234 3065 1268 3154; baseline 0 -22"><span class='ocrx_word' id='word_1_263' title='bbox 234 3067 308 3132; x_wconf 90' lang='lat' dir='ltr'>rimi</span> <span class='ocrx_word' id='word_1_264' title='bbox 322 3067 485 3152; x_wconf 88' lang='lat' dir='ltr'>scriptores</span> <span class='ocrx_word' id='word_1_265' title='bbox 506 3067 630 3154; x_wconf 89' lang='lat' dir='ltr'>proprie</span> <span class='ocrx_word' id='word_1_266' title='bbox 651 3065 818 3154; x_wconf 66' lang='lat' dir='ltr'>quaestiones</span> <span class='ocrx_word' id='word_1_267' title='bbox 840 3079 979 3144; x_wconf 81' lang='lat' dir='ltr'>vocant3</span> <span class='ocrx_word' id='word_1_268' title='bbox 1002 3065 1193 3132; x_wconf 84' lang='lat' dir='ltr'>Theodorus</span> <span class='ocrx_word' id='word_1_269' title='bbox 1218 3072 1268 3151; x_wconf 89' lang='lat' dir='ltr'>(ut</span> 
     </span>
     <span class='ocr_line' id='line_1_33' title="bbox 233 3151 1267 3240; baseline -0.002 -22"><span class='ocrx_word' id='word_1_270' title='bbox 233 3153 315 3235; x_wconf 88' lang='lat' dir='ltr'>dixi)</span> <span class='ocrx_word' id='word_1_271' title='bbox 333 3152 434 3240; x_wconf 84' lang='lat' dir='ltr'>capita</span> <span class='ocrx_word' id='word_1_272' title='bbox 451 3153 620 3238; x_wconf 72' lang='lat' dir='ltr'>generalia,</span> <span class='ocrx_word' id='word_1_273' title='bbox 635 3153 713 3216; x_wconf 83' lang='lat' dir='ltr'>sicut</span> <span class='ocrx_word' id='word_1_274' title='bbox 727 3152 798 3216; x_wconf 87' lang='lat' dir='ltr'>illas</span> <span class='ocrx_word' id='word_1_275' title='bbox 811 3151 962 3230; x_wconf 89' lang='lat' dir='ltr'>minores,</span> <span class='ocrx_word' id='word_1_276' title='bbox 978 3166 1034 3215; x_wconf 86' lang='lat' dir='ltr'>aut</span> <span class='ocrx_word' id='word_1_277' title='bbox 1048 3173 1087 3214; x_wconf 84' lang='lat' dir='ltr'>ex</span> <span class='ocrx_word' id='word_1_278' title='bbox 1101 3152 1165 3218; x_wconf 88' lang='lat' dir='ltr'>illis</span> <span class='ocrx_word' id='word_1_279' title='bbox 1188 3175 1267 3237; x_wconf 88' lang='lat' dir='ltr'>pen-</span> 
     </span>
     <span class='ocr_line' id='line_1_34' title="bbox 234 3237 1267 3337; baseline -0.002 -33"><span class='ocrx_word' id='word_1_280' title='bbox 234 3238 361 3318; x_wconf 87' lang='lat' dir='ltr'>dentes,</span> <span class='ocrx_word' id='word_1_281' title='bbox 363 3237 528 3336; x_wconf 80' lang='lat' dir='ltr'>specialia.</span> <span class='ocrx_word' id='word_1_282' title='bbox 563 3240 648 3304; x_wconf 85' lang='lat' dir='ltr'>Nam</span> <span class='ocrx_word' id='word_1_283' title='bbox 665 3249 698 3302; x_wconf 91' lang='lat' dir='ltr'>et</span> <span class='ocrx_word' id='word_1_284' title='bbox 713 3237 916 3337; x_wconf 81' lang='lat' dir='ltr'>quaestionem</span> <span class='ocrx_word' id='word_1_285' title='bbox 932 3259 973 3300; x_wconf 86' lang='lat' dir='ltr'>ex</span> <span class='ocrx_word' id='word_1_286' title='bbox 985 3237 1156 3323; x_wconf 79' lang='lat' dir='ltr'>quaestione</span> <span class='ocrx_word' id='word_1_287' title='bbox 1170 3239 1267 3317; x_wconf 87' lang='lat' dir='ltr'>nasci,</span> 
     </span>
     <span class='ocr_line' id='line_1_35' title="bbox 200 3319 1266 3410; baseline -0.004 -20"><span class='ocrx_word' id='word_1_288' title='bbox 200 3337 270 3408; x_wconf 82' lang='lat' dir='ltr'>4et</span> <span class='ocrx_word' id='word_1_289' title='bbox 291 3323 427 3409; x_wconf 83' lang='lat' dir='ltr'>speciem</span> <span class='ocrx_word' id='word_1_290' title='bbox 448 3321 480 3386; x_wconf 90' lang='lat' dir='ltr'>in</span> <span class='ocrx_word' id='word_1_291' title='bbox 500 3319 618 3408; x_wconf 84' lang='lat' dir='ltr'>species</span> <span class='ocrx_word' id='word_1_292' title='bbox 632 3322 730 3388; x_wconf 79' lang='lat' dir='ltr'>dividi</span> <span class='ocrx_word' id='word_1_293' title='bbox 748 3322 908 3387; x_wconf 88' lang='lat' dir='ltr'>convenit.</span> <span class='ocrx_word' id='word_1_294' title='bbox 953 3325 1049 3386; x_wconf 82' lang='lat' dir='ltr'>Hanc</span> <span class='ocrx_word' id='word_1_295' title='bbox 1063 3321 1162 3408; x_wconf 84' lang='lat' dir='ltr'>igitur</span> <span class='ocrx_word' id='word_1_296' title='bbox 1176 3347 1266 3410; x_wconf 85' lang='lat' dir='ltr'>quae-</span> 
     </span>
     <span class='ocr_line' id='line_1_36' title="bbox 235 3407 1293 3495; baseline 0.001 -21"><span class='ocrx_word' id='word_1_297' title='bbox 235 3408 369 3474; x_wconf 81' lang='lat' dir='ltr'>stionem</span> <span class='ocrx_word' id='word_1_298' title='bbox 390 3407 490 3472; x_wconf 89' lang='lat' dir='ltr'>veluti</span> <span class='ocrx_word' id='word_1_299' title='bbox 514 3408 720 3495; x_wconf 79' lang='lat' dir='ltr'>principalem</span> <span class='ocrx_word' id='word_1_300' title='bbox 742 3421 858 3474; x_wconf 88' lang='lat' dir='ltr'>vocant</span> <span class='ocrx_word' id='word_1_301' title='bbox 880 3407 1002 3490; x_wconf 69' lang='grc' dir='ltr'>ζήτημα.</span> <span class='ocrx_word' id='word_1_302' title='bbox 1047 3407 1136 3472; x_wconf 83' lang='lat' dir='ltr'>Ratio</span> <span class='ocrx_word' id='word_1_303' title='bbox 1159 3420 1293 3475; x_wconf 18' lang='lat' dir='ltr'>autem]</span> 
     </span>
     <span class='ocr_line' id='line_1_37' title="bbox 236 3491 1270 3580; baseline -0.002 -20"><span class='ocrx_word' id='word_1_304' title='bbox 236 3496 292 3574; x_wconf 83' lang='lat' dir='ltr'>cst,</span> <span class='ocrx_word' id='word_1_305' title='bbox 306 3515 371 3580; x_wconf 85' lang='lat' dir='ltr'>qua</span> <span class='ocrx_word' id='word_1_306' title='bbox 385 3491 430 3572; x_wconf 88' lang='lat' dir='ltr'>id,</span> <span class='ocrx_word' id='word_1_307' title='bbox 446 3492 535 3578; x_wconf 90' lang='lat' dir='ltr'>quod</span> <span class='ocrx_word' id='word_1_308' title='bbox 548 3493 669 3560; x_wconf 72' lang='lat' dir='ltr'>factum</span> <span class='ocrx_word' id='word_1_309' title='bbox 684 3493 744 3557; x_wconf 83' lang='lat' dir='ltr'>elle</span> <span class='ocrx_word' id='word_1_310' title='bbox 766 3493 896 3571; x_wconf 85' lang='lat' dir='ltr'>constat,</span> <span class='ocrx_word' id='word_1_311' title='bbox 912 3491 1105 3557; x_wconf 85' lang='lat' dir='ltr'>defenditur.</span> <span class='ocrx_word' id='word_1_312' title='bbox 1150 3493 1193 3556; x_wconf 91' lang='lat' dir='ltr'>Et</span> <span class='ocrx_word' id='word_1_313' title='bbox 1211 3515 1270 3558; x_wconf 91' lang='lat' dir='ltr'>cur</span> 
     </span>
     <span class='ocr_line' id='line_1_38' title="bbox 235 3577 1266 3666; baseline -0.004 -20"><span class='ocrx_word' id='word_1_314' title='bbox 235 3601 303 3646; x_wconf 86' lang='lat' dir='ltr'>non</span> <span class='ocrx_word' id='word_1_315' title='bbox 325 3591 454 3642; x_wconf 83' lang='lat' dir='ltr'>utamur</span> <span class='ocrx_word' id='word_1_316' title='bbox 478 3578 605 3658; x_wconf 88' lang='lat' dir='ltr'>eodem,</span> <span class='ocrx_word' id='word_1_317' title='bbox 621 3599 687 3666; x_wconf 90' lang='lat' dir='ltr'>quo</span> <span class='ocrx_word' id='word_1_318' title='bbox 709 3579 781 3642; x_wconf 87' lang='lat' dir='ltr'>sunt</span> <span class='ocrx_word' id='word_1_319' title='bbox 801 3578 845 3642; x_wconf 84' lang='lat' dir='ltr'>usr</span> <span class='ocrx_word' id='word_1_320' title='bbox 870 3577 937 3642; x_wconf 87' lang='lat' dir='ltr'>fere</span> <span class='ocrx_word' id='word_1_321' title='bbox 951 3599 1077 3654; x_wconf 87' lang='lat' dir='ltr'>omnes,</span> <span class='ocrx_word' id='word_1_322' title='bbox 1092 3579 1266 3666; x_wconf 77' lang='lat' dir='ltr'>exemplo?</span> 
     </span>
     <span class='ocr_line' id='line_1_39' title="bbox 239 3661 1269 3750; baseline -0.005 -19"><span class='ocrx_word' id='word_1_323' title='bbox 239 3661 351 3749; x_wconf 74' lang='lat' dir='ltr'>Orestes</span> <span class='ocrx_word' id='word_1_324' title='bbox 372 3676 495 3735; x_wconf 82' lang='lat' dir='ltr'>matrem</span> <span class='ocrx_word' id='word_1_325' title='bbox 509 3665 632 3728; x_wconf 80' lang='lat' dir='ltr'>occidit:</span> <span class='ocrx_word' id='word_1_326' title='bbox 655 3663 717 3728; x_wconf 91' lang='lat' dir='ltr'>hoc</span> <span class='ocrx_word' id='word_1_327' title='bbox 740 3663 881 3727; x_wconf 87' lang='lat' dir='ltr'>constat:</span> <span class='ocrx_word' id='word_1_328' title='bbox 905 3663 985 3730; x_wconf 89' lang='lat' dir='ltr'>dicit</span> <span class='ocrx_word' id='word_1_329' title='bbox 1000 3665 1038 3750; x_wconf 82' lang='lat' dir='ltr'>se</span> <span class='ocrx_word' id='word_1_330' title='bbox 1049 3662 1131 3748; x_wconf 81' lang='lat' dir='ltr'>jaste</span> <span class='ocrx_word' id='word_1_331' title='bbox 1142 3664 1208 3749; x_wconf 85' lang='lat' dir='ltr'>feci</span> <span class='ocrx_word' id='word_1_332' title='bbox 1232 3687 1269 3726; x_wconf 84' lang='lat' dir='ltr'>o:</span> 
     </span>
     <span class='ocr_line' id='line_1_40' title="bbox 236 3747 1274 3897; baseline -0.004 -82"><span class='ocrx_word' id='word_1_333' title='bbox 236 3752 333 3816; x_wconf 85' lang='lat' dir='ltr'>status</span> <span class='ocrx_word' id='word_1_334' title='bbox 348 3749 408 3814; x_wconf 85' lang='lat' dir='ltr'>crit</span> <span class='ocrx_word' id='word_1_335' title='bbox 422 3747 604 3836; x_wconf 83' lang='lat' dir='ltr'>qualitatis:</span> <span class='ocrx_word' id='word_1_336' title='bbox 629 3747 769 3836; x_wconf 85' lang='lat' dir='ltr'>quaestio,</span> <span class='ocrx_word' id='word_1_337' title='bbox 783 3747 1065 3897; x_wconf 63' lang='lat' dir='ltr'>Anjafleosecerit?</span> <span class='ocrx_word' id='word_1_338' title='bbox 1086 3749 1177 3828; x_wconf 86' lang='lat' dir='ltr'>ratic,</span> <span class='ocrx_word' id='word_1_339' title='bbox 1194 3747 1274 3836; x_wconf 83' lang='lat' dir='ltr'>qnod</span> 
     </span>
     <span class='ocr_line' id='line_1_41' title="bbox 240 3831 1271 3942; baseline -0.003 -42"><span class='ocrx_word' id='word_1_340' title='bbox 240 3832 459 3942; x_wconf 65' lang='lat' dir='ltr'>Clytaemnestra</span> <span class='ocrx_word' id='word_1_341' title='bbox 483 3836 622 3900; x_wconf 83' lang='lat' dir='ltr'>maritum</span> <span class='ocrx_word' id='word_1_342' title='bbox 636 3835 740 3921; x_wconf 86' lang='lat' dir='ltr'>suum,</span> <span class='ocrx_word' id='word_1_343' title='bbox 762 3846 879 3920; x_wconf 82' lang='lat' dir='ltr'>patrem</span> <span class='ocrx_word' id='word_1_344' title='bbox 936 3831 1026 3918; x_wconf 82' lang='lat' dir='ltr'>restis,</span> <span class='ocrx_word' id='word_1_345' title='bbox 1052 3833 1175 3897; x_wconf 79' lang='lat' dir='ltr'>occidit:</span> <span class='ocrx_word' id='word_1_346' title='bbox 1207 3833 1271 3897; x_wconf 87' lang='lat' dir='ltr'>hoc</span> 
     </span>
     <span class='ocr_line' id='line_1_42' title="bbox 238 3917 1273 4006; baseline -0.001 -25"><span class='ocrx_word' id='word_1_347' title='bbox 238 3943 325 3982; x_wconf 73' lang='lat' dir='ltr'>aanor</span> <span class='ocrx_word' id='word_1_348' title='bbox 340 3919 479 3984; x_wconf 80' lang='lat' dir='ltr'>dicitur:</span> <span class='ocrx_word' id='word_1_349' title='bbox 502 3923 653 4003; x_wconf 73' lang='grc' dir='ltr'><em>κρινόμενον</em></span> <span class='ocrx_word' id='word_1_350' title='bbox 669 3932 776 3984; x_wconf 88' lang='lat' dir='ltr'>autem</span> <span class='ocrx_word' id='word_1_351' title='bbox 794 3919 956 4002; x_wconf 83' lang='lat' dir='ltr'>judicatio,</span> <span class='ocrx_word' id='word_1_352' title='bbox 971 3921 1027 3982; x_wconf 86' lang='lat' dir='ltr'>An</span> <span class='ocrx_word' id='word_1_353' title='bbox 1041 3917 1199 4006; x_wconf 74' lang='lat' dir='ltr'>oportuerit</span> <span class='ocrx_word' id='word_1_354' title='bbox 1221 3917 1273 3982; x_wconf 82' lang='lat' dir='ltr'>vel</span> 
     </span>
     <span class='ocr_line' id='line_1_43' title="bbox 204 4000 1273 4092; baseline -0.001 -24"><span class='ocrx_word' id='word_1_355' title='bbox 204 4020 225 4092; x_wconf 79' lang='lat'><strong><em>5</em></strong></span> <span class='ocrx_word' id='word_1_356' title='bbox 238 4015 382 4071; x_wconf 76' lang='lat' dir='ltr'>nocentem</span> <span class='ocrx_word' id='word_1_357' title='bbox 397 4015 520 4068; x_wconf 65' lang='lat' dir='ltr'>manem</span> <span class='ocrx_word' id='word_1_358' title='bbox 534 4001 630 4091; x_wconf 81' lang='lat' dir='ltr'>ofilio</span> <span class='ocrx_word' id='word_1_359' title='bbox 645 4005 766 4069; x_wconf 73' lang='lat' dir='ltr'>occidi?</span> <span class='ocrx_word' id='word_1_360' title='bbox 789 4004 933 4070; x_wconf 77' lang='lat' dir='ltr'>Quidam</span> <span class='ocrx_word' id='word_1_361' title='bbox 948 4002 1120 4070; x_wconf 84' lang='lat' dir='ltr'>diviserunt</span> <span class='ocrx_word' id='word_1_362' title='bbox 1134 4000 1221 4067; x_wconf 73' lang='lat' dir='ltr'>altior</span> <span class='ocrx_word' id='word_1_363' title='bbox 1239 4015 1273 4067; x_wconf 89' lang='lat' dir='ltr'>et</span> 
     </span>
    </p>
   </div>
   <div class='ocr_carea' id='block_1_3' title="bbox 280 4165 1232 4288">
    <p class='ocr_par' dir='ltr' id='par_1_8' title="bbox 280 4165 1232 4288">
     <span class='ocr_line' id='line_1_44' title="bbox 280 4165 1232 4288; baseline -0.002 -15"><span class='ocrx_word' id='word_1_364' title='bbox 280 4165 493 4288; x_wconf 53' lang='lat' dir='ltr'>farfo&#39;r&#39;ofllcni.</span> <span class='ocrx_word' id='word_1_365' title='bbox 559 4181 716 4284; x_wconf 44' lang='lat' dir='ltr'>(panteni.</span> <span class='ocrx_word' id='word_1_366' title='bbox 783 4222 928 4274; x_wconf 60' lang='lat' dir='ltr'>mann.</span> <span class='ocrx_word' id='word_1_367' title='bbox 992 4218 1078 4282; x_wconf 73' lang='lat' dir='ltr'>‘quid</span> <span class='ocrx_word' id='word_1_368' title='bbox 1088 4220 1105 4271; x_wconf 82' lang='lat' dir='ltr'>t.</span> <span class='ocrx_word' id='word_1_369' title='bbox 1117 4219 1135 4269; x_wconf 79' lang='lat' dir='ltr'>t.</span> <span class='ocrx_word' id='word_1_370' title='bbox 1147 4237 1187 4272; x_wconf 74' lang='lat' dir='ltr'>oar.</span> <span class='ocrx_word' id='word_1_371' title='bbox 1199 4221 1232 4271; x_wconf 84' lang='lat' dir='ltr'>G.</span> 
     </span>
    </p>
   </div>
   <div class='ocr_carea' id='block_1_4' title="bbox 0 0 1539 4912">
    <p class='ocr_par' dir='ltr' id='par_1_9' title="bbox 0 0 1539 4912">
     <span class='ocr_line' id='line_1_45' title="bbox 0 0 1539 4912; baseline 0 0"><span class='ocrx_word' id='word_1_372' title='bbox 0 0 1539 4912; x_wconf 95' lang='lat' dir='ltr'> </span> 
     </span>
    </p>
   </div>
  </div>
 </body>
</html>
