3000 4908
243 371 306 436 ²54
482 351 528 448 qt.
548 350 670 416 anan
691 337 1035 441 obluctatum

286 521 347 584 tet.
390 519 476 584 Nam
497 519 541 584 est
555 539 795 606 nonnumquam
811 517 890 582 dura
910 517 1090 604 proportio,
1104 535 1200 603 quarn
1209 513 1270 605 ju·

210 665 213 670 i
264 627 315 680 ex,
331 604 350 667 fi
367 603 522 692 providet,
540 625 619 669 uou
636 605 727 670 aliter
739 603 953 680 reformidat¹‚
969 624 1065 688 quam
1081 601 1136 688 qui
1149 602 1270 668 sermm

241 689 371 768 medici,
396 689 599 778 priusquam
620 703 757 766 curetur,
781 688 899 774 aspexit
911 711 929 750 t·
944 700 977 751 at
1000 687 1034 766 si,
1052 709 1087 750 re
1106 707 1169 752 non
1194 703 1270 754 ante

154 799 157 810 ·
240 775 405 861 proposita,
421 773 576 852 securum,
592 795 629 837 ae
654 771 742 836 nulla
763 771 1004 838 denuntiatione
1025 772 1116 836 inse
1135 793 1269 838 conver·

240 860 309 924 sum
324 860 447 924 intrarit
466 859 587 936 oratio;
611 857 739 936 efficiet,
755 858 843 943 quod
863 857 1061 944 promittenti
1075 879 1141 921 non
1156 858 1268 924 crede·

242 958 338 1010 retur.
383 939 514 1008 Interim
540 941 728 1030 refugienda
745 965 809 1006 non
829 941 926 1006 modo
946 941 1102 1006 distinctio
1122 943 1305 1030 quaestio-6

240 1051 320 1094 num
334 1031 388 1107 est,
405 1027 458 1093 sed
472 1028 603 1093 omnino
622 1027 788 1092 tractatio:
811 1027 976 1092 affebiibus
998 1027 1231 1113 perturbandus
1241 1039 1268 1108 ²¹,

236 1127 274 1179 et
297 1116 338 1180 ab
360 1112 537 1178 intentione
563 1101 752 1179 auferendus
775 1113 911 1177 auditor.
956 1113 1032 1175 Non
1056 1113 1142 1176 enim
1166 1111 1269 1178 solum

242 1200 375 1264 oratoris
396 1200 439 1262 est
460 1195 585 1277 docere,
599 1197 651 1262 sed
672 1197 746 1284 plus
767 1197 950 1284 eloquentia
970 1197 1054 1260 circa
1074 1197 1270 1265 movendum

240 1285 338 1350 valet.
383 1284 444 1348 Cui
459 1285 504 1348 rei
520 1282 678 1348 contraria
691 1283 734 1346 est
748 1281 886 1346 maxime
901 1281 1006 1346 tenuis
1020 1281 1076 1346 illa
1089 1296 1122 1346 et
1136 1283 1267 1370 serupu·
1303 1333 1304 1340 κ

241 1369 306 1434 lose
321 1369 353 1432 in
368 1381 469 1455 partes
482 1369 597 1432 seciae*
617 1367 776 1432 divifionis
797 1366 966 1452 diligentia
979 1387 1019 1429 eo
1032 1380 1186 1453 tempore,
1202 1389 1269 1468 quo

240 1453 444 1552 cognoscenti
452 1451 612 1539 judicium
628 1473 782 1518 conamur
794 1451 927 1516 auferre.
972 1451 1083 1516 Ouid?
1108 1453 1195 1538 quod
1216 1463 1305 1539 ιιι-Τ

241 1552 347 1618 terrm,
375 1559 446 1626 quae
468 1559 525 1623 per
549 1539 580 1602 se
606 1537 688 1602 levia
709 1537 782 1602 sunt
805 1550 839 1602 et
862 1537 1004 1614 infirma,·
1021 1538 1116 1600 turba
1137 1537 1263 1604 valenti

242 1622 385 1710 Ideoque
406 1624 609 1708 congerenda
628 1622 700 1686 sunt
713 1623 833 1707 potius,
847 1635 881 1685 et
895 1622 983 1686 velut
996 1622 1160 1707 eruptione
1181 1645 1267 1712 pug-

240 1708 405 1772 nandum:
428 1708 517 1794 quod
531 1720 637 1772 umen
660 1727 765 1770 rarum
780 1707 841 1772 elle
862 1707 970 1786 debet,
985 1719 1072 1770 etex
1088 1709 1267 1776 neceffitate

148 1783 160 1807 ‘
239 1793 385 1872 demum,
399 1815 474 1856 cum
487 1791 586 1878 ipsum
601 1793 675 1872 hoc,
692 1791 780 1878 quod
793 1791 938 1857 diffirnile
952 1792 1066 1856 rationi
1079 1793 1133 1872 est,
1148 1815 1265 1880 coege-

171 1895 173 1900 ’
231 1878 283 1943 rit
294 1879 387 1942 ratio.
419 1879 535 1942 Praeter
549 1879 621 1942 haec
635 1877 669 1941 in
683 1877 771 1942 omni
785 1875 953 1962 partitione
965 1878 1008 1940 est
1021 1877 1134 1963 utique
1144 1873 1299 1964 aliquidd

237 1963 497 2048 paternianum,
513 1963 599 2050 quod
620 1983 694 2028 cum
707 1962 832 2026 audivit
845 1963 960 2049 judex,
975 1973 1081 2026 cetera
1101 1975 1266 2050 tamquam

238 2050 429 2133 supervacua
449 2049 572 2134 gravari
592 2047 681 2113 solet.
726 2047 887 2133 ltaque,fi
908 2047 998 2133 plura
1015 2047 1065 2112 vel
1086 2048 1286 2136 objicienda.

236 2134 311 2198 funt
323 2133 373 2196 vel
389 2131 550 2212 diluenda,
563 2145 597 2196 et
608 2130 696 2197 utilis
710 2143 744 2194 et
757 2130 902 2217 jucunda
915 2131 1042 2216 partitio
1055 2131 1110 2210 est,
1124 2145 1173 2213 ut,
1188 2135 1266 2220 quid

238 2229 368 2304 quaque
382 2216 423 2280 de
437 2237 471 2280 re
486 2216 601 2282 dicturi
621 2217 744 2294 sumus,
757 2215 869 2280 ordine
889 2230 1056 2302 appareat:
1079 2229 1113 2281 at
1127 2218 1146 2280 fi
1162 2241 1264 2293 unum

236 2301 358 2366 crimen
380 2300 464 2364 v'arie
484 2301 704 2379 defendemus,
718 2299 918 2386 supervacua.
953 2295 1022 2380 'Ut,
1037 2302 1058 2365 sr
1075 2301 1126 2368 ita
1146 2304 1299 2392 partia-q

236 2407 321 2464 mur,
337 2387 457 2465 Dicam,
474 2409 531 2449 non
546 2386 634 2450 talem
648 2385 700 2471 effe
714 2387 803 2466 hunc,
817 2409 902 2472 quem
923 2395 1012 2464 tueor,
1026 2399 1061 2450 ul
1074 2387 1108 2450 iia
1121 2413 1152 2452 eo
1165 2391 1269 2454 cradi-¹

134 2489 136 2497 '
165 2473 166 2477 ’
237 2471 407 2536 bilevidm'
425 2471 509 2558 poffit
530 2472 734 2536 homicidium:
757 2472 864 2550 dicam,
880 2469 1027 2534 occidendi
1046 2474 1174 2559 confflem
1196 2475 1264 2538 baie

234 2555 406 2642 nonfuiffe:
427 2557 536 2634 duam,
549 2557 626 2620 hunc
640 2579 670 2619 eo
684 2568 819 2642 tempora,
835 2577 890 2642 quo
905 2557 985 2619 bomo
998 2558 1101 2644 occisus
1112 2557 1161 2644 est,
1178 2571 1263 2622 tram

235 2641 436 2738 morafiaff:
457 2641 576 2720 omnia,
591 2663 664 2728 quae
685 2651 759 2704 ante
774 2640 817 2719 id,
856 2639 920 2704 uod
934 2641 1087 2706 ultimum
1102 2643 1156 2721 est,
1172 2643 1260 2708 exse-

236 2745 356 2812 quens,
371 2725 479 2789 inania
492 2725 591 2790 videri
615 2724 733 2788 neoelle
747 2725 809 2788 est:
869 2725 980 2788 estinat
992 2725 1079 2790 enim
1091 2724 1195 2813 judex
1220 2727 1320 2794 ad1o'

227 2810 280 2890 id,
300 2809 386 2896 quod
410 2810 655 2897 potentissimum
678 2809 732 2889 est,
751 2821 784 2872 et
805 2809 893 2873 velut
912 2809 1094 2898 obligatum
1115 2812 1281 2896 promisso·

233 2907 415 2981 patronum,
432 2895 452 2957 sr
469 2897 512 2960 est
531 2894 712 2981 patientior,
726 2892 842 2957 tacitus
863 2894 1021 2992 appellat3
1045 2896 1064 2958 fi
1087 2896 1139 2960 vel
1158 2919 1259 2963 occu-

63 3021 66 3026 2
153 3038 156 3044 .
180 2991 182 2995 “
233 2992 338 3065 patus,
358 2979 409 3043 vel
431 2979 465 3043 in
485 2979 594 3065 aliqua
617 2977 779 3064 potestate,
800 2979 981 3059 ueletiam,
1003 2980 1024 3044 fi
1045 2980 1189 3044 moribus
1207 2981 1259 3046 in-

233 3065 437 3150 compositus,
458 3085 533 3128 eum
552 3063 696 3128 convicio
717 3062 769 3126 effl
814 3062 881 3128 'tat
926 3063 1039 3162 Itaque
1058 3085 1121 3126 non
1145 3061 1312 3134 dafua-11

210 3233 212 3240 s
233 3162 320 3228 runt,
336 3149 392 3236 qui
406 3147 571 3213 Ciceronis
584 3147 672 3212 illem
686 3169 743 3235 pro
758 3149 787 3212 C
800 3148 909 3213 uentio
923 3149 1124 3242 partitionem
1137 3149 1258 3236 impro-

267 3337 279 3364 Ι
298 3332 458 3394 praeformidat
469 3334 500 3380 G.
512 3343 534 3379 er
542 3332 616 3393 plures
627 3342 663 3394 ap.
676 3335 734 3381 Bur.
745 3333 833 3394 Quidfi
842 3332 921 3379 reete?
1010 3337 1022 3364 ¹
1041 3333 1216 3384 turbationibus
1226 3335 1258 3387 G.
1277 3371 1279 3376 .

233 3397 296 3444 lens.
313 3407 334 3444 ct
350 3396 524 3446 turbationibus
540 3397 581 3442 vel
594 3397 810 3458 perturbationibus
824 3397 903 3444 labent
919 3396 1006 3460 antiqui
1010 3398 1065 3460 sere
1083 3414 1175 3460 rieures.-¹
1193 3403 1259 3451 Forte

225 3459 288 3525 fuit,
300 3461 422 3507 affeElibus
439 3461 649 3522 perturbatioribus
658 3463 691 3508 est
709 3461 739 3508 ab
751 3463 794 3521 int.
808 3476 854 3508 τεν.
888 3457 934 3507 Sed
949 3472 1034 3520 recepta
1051 3461 1121 3520 laelio,
1133 3465 1174 3512 vel
1186 3465 1258 3512 altera

236 3527 291 3574 Obr.
303 3525 425 3573 ancilibus
436 3526 577 3584 turbandus,
589 3534 612 3572 et
625 3523 674 3574 &a
686 3525 771 3588 elegam
783 3525 830 3590 1¹in
841 3541 923 3590 quoque
935 3535 956 3570 et
966 3525 1034 3573 Fabio
1044 3525 1120 3589 dignm
1152 3523 1157 3532 “
1174 3545 1185 3568 ι
1197 3529 1260 3579 seem

233 3591 264 3640 G.
274 3591 338 3638 lens·

267 3787 293 3835 9.
311 3767 397 3819 mania
413 3766 500 3819 videri
515 3765 621 3838 necgffee
643 3771 653 3834 ]
674 3769 717 3818 Sa·
804 3775 845 3819 ir.
861 3777 907 3835 pro
920 3765 1038 3833 Cluentio]
1059 3769 1173 3820 liabetur
1190 3780 1256 3835 c.4.
1301 3769 1307 3784 '
1358 3831 1362 3840 ¹

228 3837 338 3907 pientius
356 3837 405 3898 ille,
418 3841 463 3904 qui
480 3855 537 3888 curn
554 3837 606 3888 dixi
625 3837 718 3898 et‚s1bi
767 3837 892 3906 Sapienter
909 3849 992 3890 autem
1004 3839 1092 3890 Cice'ro
1109 3837 1144 3890 ita
1161 3839 1256 3891 institu-

227 3907 319 3975 viginti
342 3907 437 3974 aliquot
467 3905 550 3956 causas
573 3904 642 3957 suillo
670 3922 718 3956 non
766 3905 808 3958 isle
830 3909 903 3959 nobis
922 3907 1066 3958 videbatur:
1094 3925 1151 3958 cum
1174 3909 1258 3978 priora

228 3976 401 4029 commodandi
423 3975 504 4026 amico
524 3975 591 4035 libri,
612 3992 718 4044 quarum
765 3976 817 4026 duo
833 3993 862 4027 eo
876 3975 982 4036 valeant,
993 3987 1023 4026 ut
1037 3976 1137 4043 probari
1157 3975 1258 4032 facilius
1314 3997 1320 4002 ·

197 4047 204 4061 ’·
246 4044 309 4096 rima
320 4043 384 4104 ellel,
396 4044 464 4112 quod
475 4042 524 4112 ipse
540 4060 588 4094 non
599 4045 716 4096 liaberetr
767 4044 838 4112 pellit
857 4046 968 4100 tertium.
1006 4045 1097 4096 Utrum
1115 4047 1181 4098 enim
1199 4063 1257 4116 prc-

225 4061 308 4174 licite,
331 4112 483 4180 reliquarum
504 4113 615 4166 omnium
637 4115 719 4184 gratia
766 4113 888 4175 babillus,
899 4109 944 4184 pro
961 4112 1026 4166 mala
1035 4115 1107 4166 causa
1117 4133 1187 4168 reum
1203 4127 1258 4168 ten-

205 4181 207 4187 ’
225 4192 255 4236 at
266 4179 311 4237 sbi
322 4181 399 4244 fieret,
411 4182 562 4250 impetravit.
767 4194 820 4236 tare
827 4183 933 4252 judicer,
945 4200 978 4241 an
992 4200 1039 4256 pro
1050 4185 1115 4240 bona
1130 4185 1265 4240 adcreuit
