<?xml version="1.0" encoding="UTF-8"?>
<!DOCTYPE html PUBLIC "-//W3C//DTD XHTML 1.0 Transitional//EN"
    "http://www.w3.org/TR/xhtml1/DTD/xhtml1-transitional.dtd">
<html xmlns="http://www.w3.org/1999/xhtml" xml:lang="en" lang="en">
 <head>
  <title>
</title>
<meta http-equiv="Content-Type" content="text/html;charset=utf-8" />
  <meta name='ocr-system' content='tesseract 3.04.00' />
  <meta name='ocr-capabilities' content='ocr_page ocr_carea ocr_par ocr_line ocrx_word'/>
</head>
<body>
  <div class='ocr_page' id='page_1' title='image "./mfabiiquinctili00quingoog_0184.png"; bbox 0 0 3022 4920; ppageno 0'>
   <div class='ocr_carea' id='block_1_1' title="bbox 249 369 1049 462">
    <p class='ocr_par' dir='ltr' id='par_1_1' title="bbox 249 369 1049 462">
     <span class='ocr_line' id='line_1_1' title="bbox 249 369 1049 462; baseline 0.001 -14"><span class='ocrx_word' id='word_1_1' title='bbox 249 383 316 462; x_wconf 62' lang='grc' dir='ltr'>ηδ</span> <span class='ocrx_word' id='word_1_2' title='bbox 482 377 533 448; x_wconf 77' lang='lat' dir='ltr'>M.</span> <span class='ocrx_word' id='word_1_3' title='bbox 549 381 673 448; x_wconf 74' lang='lat' dir='ltr'>rann</span> <span class='ocrx_word' id='word_1_4' title='bbox 694 369 1049 450; x_wconf 72' lang='lat' dir='ltr'>QUINCTILIANs</span> 
     </span>
    </p>
   </div>
   <div class='ocr_carea' id='block_1_2' title="bbox 244 545 1350 2446">
    <p class='ocr_par' dir='ltr' id='par_1_2' title="bbox 244 545 1350 2446">
     <span class='ocr_line' id='line_1_2' title="bbox 250 545 1289 638; baseline 0.002 -22"><span class='ocrx_word' id='word_1_5' title='bbox 250 561 290 616; x_wconf 81' lang='lat' dir='ltr'>ea</span> <span class='ocrx_word' id='word_1_6' title='bbox 310 565 383 638; x_wconf 78' lang='lat' dir='ltr'>que</span> <span class='ocrx_word' id='word_1_7' title='bbox 405 545 514 616; x_wconf 81' lang='lat' dir='ltr'>omnia</span> <span class='ocrx_word' id='word_1_8' title='bbox 535 546 677 614; x_wconf 65' lang='lat' dir='ltr'>multust</span> <span class='ocrx_word' id='word_1_9' title='bbox 698 545 886 614; x_wconf 85' lang='lat' dir='ltr'>horninibus</span> <span class='ocrx_word' id='word_1_10' title='bbox 903 546 995 615; x_wconf 88' lang='lat' dir='ltr'>labor</span> <span class='ocrx_word' id='word_1_11' title='bbox 1018 547 1073 614; x_wconf 83' lang='lat' dir='ltr'>est.</span> <span class='ocrx_word' id='word_1_12' title='bbox 1117 547 1289 618; x_wconf 79' lang='lat' dir='ltr'><strong>Rationem</strong></span> 
     </span>
     <span class='ocr_line' id='line_1_3' title="bbox 250 633 1299 724; baseline 0 -22"><span class='ocrx_word' id='word_1_13' title='bbox 250 635 262 702; x_wconf 90' lang='lat' dir='ltr'>i</span> <span class='ocrx_word' id='word_1_14' title='bbox 288 636 353 700; x_wconf 89' lang='lat' dir='ltr'>itur</span> <span class='ocrx_word' id='word_1_15' title='bbox 367 633 459 700; x_wconf 85' lang='lat' dir='ltr'>nobis</span> <span class='ocrx_word' id='word_1_16' title='bbox 474 633 668 724; x_wconf 79' lang='lat' dir='ltr'>praecipuam</span> <span class='ocrx_word' id='word_1_17' title='bbox 683 633 785 713; x_wconf 84' lang='lat' dir='ltr'><strong>dedit,</strong></span> <span class='ocrx_word' id='word_1_18' title='bbox 800 633 872 698; x_wconf 89' lang='lat' dir='ltr'>e&#39;us</span> <span class='ocrx_word' id='word_1_19' title='bbox 911 655 1002 700; x_wconf 89' lang='lat' dir='ltr'>enos</span> <span class='ocrx_word' id='word_1_20' title='bbox 1023 635 1124 700; x_wconf 87' lang='lat' dir='ltr'>socios</span> <span class='ocrx_word' id='word_1_21' title='bbox 1140 635 1299 702; x_wconf 82' lang='lat' dir='ltr'>effecum</span> 
     </span>
     <span class='ocr_line' id='line_1_4' title="bbox 270 657 1345 819; baseline -0.002 -35"><span class='ocrx_word' id='word_1_22' title='bbox 270 721 314 812; x_wconf 81' lang='lat' dir='ltr'>ris</span> <span class='ocrx_word' id='word_1_23' title='bbox 338 717 572 786; x_wconf 84' lang='lat' dir='ltr'><strong>immortalibus</strong></span> <span class='ocrx_word' id='word_1_24' title='bbox 597 719 713 786; x_wconf 88' lang='lat' dir='ltr'>voluit.</span> <span class='ocrx_word' id='word_1_25' title='bbox 758 657 828 785; x_wconf 72' lang='lat' dir='ltr'>SedJ</span> <span class='ocrx_word' id='word_1_26' title='bbox 846 719 911 819; x_wconf 82' lang='lat' dir='ltr'>ipa</span> <span class='ocrx_word' id='word_1_27' title='bbox 932 721 1013 785; x_wconf 90' lang='lat' dir='ltr'>ratio</span> <span class='ocrx_word' id='word_1_28' title='bbox 1028 741 1133 808; x_wconf 89' lang='lat' dir='ltr'>neque</span> <span class='ocrx_word' id='word_1_29' title='bbox 1147 733 1214 786; x_wconf 87' lang='lat' dir='ltr'>tam</span> <span class='ocrx_word' id='word_1_30' title='bbox 1229 725 1345 804; x_wconf 74' lang='lat' dir='ltr'>nos15</span> 
     </span>
     <span class='ocr_line' id='line_1_5' title="bbox 244 805 1290 894; baseline 0.001 -23"><span class='ocrx_word' id='word_1_31' title='bbox 244 805 384 894; x_wconf 85' lang='lat' dir='ltr'>juvaret,</span> <span class='ocrx_word' id='word_1_32' title='bbox 413 827 518 893; x_wconf 91' lang='lat' dir='ltr'>neque</span> <span class='ocrx_word' id='word_1_33' title='bbox 543 818 610 871; x_wconf 89' lang='lat' dir='ltr'>tam</span> <span class='ocrx_word' id='word_1_34' title='bbox 636 805 713 871; x_wconf 80' lang='lat' dir='ltr'>eslet</span> <span class='ocrx_word' id='word_1_35' title='bbox 736 805 770 870; x_wconf 90' lang='lat' dir='ltr'>in</span> <span class='ocrx_word' id='word_1_36' title='bbox 793 806 888 871; x_wconf 78' lang='lat' dir='ltr'>nobis</span> <span class='ocrx_word' id='word_1_37' title='bbox 910 805 1090 885; x_wconf 81' lang='lat' dir='ltr'>manifesta,</span> <span class='ocrx_word' id='word_1_38' title='bbox 1120 807 1189 886; x_wconf 78' lang='lat' dir='ltr'>nii,</span> <span class='ocrx_word' id='word_1_39' title='bbox 1215 828 1290 894; x_wconf 77' lang='lat' dir='ltr'>quae</span> 
     </span>
     <span class='ocr_line' id='line_1_6' title="bbox 250 889 1288 979; baseline 0.001 -23"><span class='ocrx_word' id='word_1_40' title='bbox 250 889 499 978; x_wconf 80' lang='lat' dir='ltr'>concepissemus</span> <span class='ocrx_word' id='word_1_41' title='bbox 515 903 635 972; x_wconf 91' lang='lat' dir='ltr'>mente,</span> <span class='ocrx_word' id='word_1_42' title='bbox 650 897 794 978; x_wconf 79' lang='lat' dir='ltr'>promere</span> <span class='ocrx_word' id='word_1_43' title='bbox 809 891 905 956; x_wconf 85' lang='lat' dir='ltr'>etiam</span> <span class='ocrx_word' id='word_1_44' title='bbox 921 891 1084 979; x_wconf 91' lang='lat' dir='ltr'>loquendo</span> <span class='ocrx_word' id='word_1_45' title='bbox 1106 893 1288 978; x_wconf 77' lang='lat' dir='ltr'>poliemus:</span> 
     </span>
     <span class='ocr_line' id='line_1_7' title="bbox 250 975 1289 1076; baseline 0.001 -35"><span class='ocrx_word' id='word_1_46' title='bbox 250 977 341 1064; x_wconf 92' lang='lat' dir='ltr'>quod</span> <span class='ocrx_word' id='word_1_47' title='bbox 364 977 467 1076; x_wconf 83' lang='lat' dir='ltr'>magis</span> <span class='ocrx_word' id='word_1_48' title='bbox 490 975 592 1044; x_wconf 83' lang='lat' dir='ltr'>deeffe</span> <span class='ocrx_word' id='word_1_49' title='bbox 616 978 730 1042; x_wconf 90' lang='lat' dir='ltr'>ceteris</span> <span class='ocrx_word' id='word_1_50' title='bbox 744 975 947 1056; x_wconf 84' lang='lat' dir='ltr'>animalibus,</span> <span class='ocrx_word' id='word_1_51' title='bbox 963 999 1060 1063; x_wconf 85' lang='lat' dir='ltr'>quam</span> <span class='ocrx_word' id='word_1_52' title='bbox 1084 977 1289 1043; x_wconf 72' lang='lat' dir='ltr'>intellesium</span> 
     </span>
     <span class='ocr_line' id='line_1_8' title="bbox 250 1053 1350 1150; baseline -0.002 -22"><span class='ocrx_word' id='word_1_53' title='bbox 250 1075 286 1128; x_wconf 87' lang='lat' dir='ltr'>et</span> <span class='ocrx_word' id='word_1_54' title='bbox 300 1061 530 1150; x_wconf 68' lang='lat' dir='ltr'>cogitationem</span> <span class='ocrx_word' id='word_1_55' title='bbox 543 1062 717 1150; x_wconf 86' lang='lat' dir='ltr'>quamdam</span> <span class='ocrx_word' id='word_1_56' title='bbox 731 1061 889 1128; x_wconf 87' lang='lat' dir='ltr'>videmus.</span> <span class='ocrx_word' id='word_1_57' title='bbox 923 1065 1010 1127; x_wconf 88' lang='lat' dir='ltr'>Nam</span> <span class='ocrx_word' id='word_1_58' title='bbox 1026 1076 1060 1128; x_wconf 91' lang='lat' dir='ltr'>et</span> <span class='ocrx_word' id='word_1_59' title='bbox 1074 1062 1179 1127; x_wconf 90' lang='lat' dir='ltr'>moliri</span> <span class='ocrx_word' id='word_1_60' title='bbox 1193 1063 1288 1128; x_wconf 91' lang='lat' dir='ltr'>cubi·</span> <span class='ocrx_word' id='word_1_61' title='bbox 1306 1053 1350 1126; x_wconf 69' lang='lat'>16¹</span> 
     </span>
     <span class='ocr_line' id='line_1_9' title="bbox 249 1145 1290 1236; baseline -0.002 -22"><span class='ocrx_word' id='word_1_62' title='bbox 249 1147 306 1228; x_wconf 87' lang='lat' dir='ltr'>lia,</span> <span class='ocrx_word' id='word_1_63' title='bbox 322 1161 356 1212; x_wconf 92' lang='lat' dir='ltr'>et</span> <span class='ocrx_word' id='word_1_64' title='bbox 370 1147 463 1214; x_wconf 87' lang='lat' dir='ltr'>nidos</span> <span class='ocrx_word' id='word_1_65' title='bbox 477 1161 596 1230; x_wconf 84' lang='lat' dir='ltr'>texere,</span> <span class='ocrx_word' id='word_1_66' title='bbox 613 1161 648 1213; x_wconf 89' lang='lat' dir='ltr'>et</span> <span class='ocrx_word' id='word_1_67' title='bbox 661 1145 795 1213; x_wconf 88' lang='lat' dir='ltr'>educare</span> <span class='ocrx_word' id='word_1_68' title='bbox 811 1147 924 1229; x_wconf 87' lang='lat' dir='ltr'>foetus,</span> <span class='ocrx_word' id='word_1_69' title='bbox 941 1161 975 1214; x_wconf 89' lang='lat' dir='ltr'>et</span> <span class='ocrx_word' id='word_1_70' title='bbox 995 1147 1176 1228; x_wconf 79' lang='lat' dir='ltr'>excludere,</span> <span class='ocrx_word' id='word_1_71' title='bbox 1193 1149 1290 1236; x_wconf 89' lang='lat' dir='ltr'>quin·</span> 
     </span>
     <span class='ocr_line' id='line_1_10' title="bbox 251 1233 1292 1336; baseline 0.002 -38"><span class='ocrx_word' id='word_1_72' title='bbox 251 1233 350 1299; x_wconf 81' lang='lat' dir='ltr'>etiaim</span> <span class='ocrx_word' id='word_1_73' title='bbox 365 1256 519 1336; x_wconf 86' lang='lat' dir='ltr'>reponere</span> <span class='ocrx_word' id='word_1_74' title='bbox 534 1235 568 1298; x_wconf 89' lang='lat' dir='ltr'>in</span> <span class='ocrx_word' id='word_1_75' title='bbox 582 1234 724 1300; x_wconf 88' lang='lat' dir='ltr'>hiemem</span> <span class='ocrx_word' id='word_1_76' title='bbox 745 1233 906 1314; x_wconf 85' lang='lat' dir='ltr'>alimenta,</span> <span class='ocrx_word' id='word_1_77' title='bbox 923 1254 1019 1322; x_wconf 86' lang='lat' dir='ltr'>opera</span> <span class='ocrx_word' id='word_1_78' title='bbox 1037 1233 1183 1322; x_wconf 77' lang='lat' dir='ltr'>quaedem</span> <span class='ocrx_word' id='word_1_79' title='bbox 1197 1234 1292 1300; x_wconf 84' lang='lat' dir='ltr'>nobis</span> 
     </span>
     <span class='ocr_line' id='line_1_11' title="bbox 250 1319 1291 1402; baseline -0.002 -16"><span class='ocrx_word' id='word_1_80' title='bbox 250 1319 468 1402; x_wconf 76' lang='lat' dir='ltr'>inimitabilia,</span> <span class='ocrx_word' id='word_1_81' title='bbox 506 1319 590 1384; x_wconf 85' lang='lat' dir='ltr'>ualia</span> <span class='ocrx_word' id='word_1_82' title='bbox 605 1320 678 1385; x_wconf 90' lang='lat' dir='ltr'>funt</span> <span class='ocrx_word' id='word_1_83' title='bbox 698 1341 842 1384; x_wconf 88' lang='lat' dir='ltr'>cerarum</span> <span class='ocrx_word' id='word_1_84' title='bbox 864 1333 899 1384; x_wconf 89' lang='lat' dir='ltr'>et</span> <span class='ocrx_word' id='word_1_85' title='bbox 919 1319 1037 1400; x_wconf 87' lang='lat' dir='ltr'>mellis,</span> <span class='ocrx_word' id='word_1_86' title='bbox 1053 1321 1191 1398; x_wconf 83' lang='lat' dir='ltr'>efficere,</span> <span class='ocrx_word' id='word_1_87' title='bbox 1206 1341 1291 1384; x_wconf 88' lang='lat' dir='ltr'>non-</span> 
     </span>
     <span class='ocr_line' id='line_1_12' title="bbox 252 1404 1292 1492; baseline 0 -22"><span class='ocrx_word' id='word_1_88' title='bbox 252 1405 374 1475; x_wconf 89' lang='lat' dir='ltr'>nullius</span> <span class='ocrx_word' id='word_1_89' title='bbox 388 1405 470 1471; x_wconf 83' lang='lat' dir='ltr'>forte</span> <span class='ocrx_word' id='word_1_90' title='bbox 493 1405 656 1470; x_wconf 88' lang='lat' dir='ltr'>erationis</span> <span class='ocrx_word' id='word_1_91' title='bbox 670 1405 734 1470; x_wconf 87' lang='lat' dir='ltr'>esi:</span> <span class='ocrx_word' id='word_1_92' title='bbox 758 1405 811 1470; x_wconf 86' lang='lat' dir='ltr'>sed</span> <span class='ocrx_word' id='word_1_93' title='bbox 846 1404 900 1470; x_wconf 87' lang='lat' dir='ltr'>uia</span> <span class='ocrx_word' id='word_1_94' title='bbox 919 1417 1027 1470; x_wconf 89' lang='lat' dir='ltr'>carent</span> <span class='ocrx_word' id='word_1_95' title='bbox 1050 1405 1196 1470; x_wconf 86' lang='lat' dir='ltr'>sermone</span> <span class='ocrx_word' id='word_1_96' title='bbox 1217 1427 1292 1492; x_wconf 83' lang='lat' dir='ltr'>quae</span> 
     </span>
     <span class='ocr_line' id='line_1_13' title="bbox 252 1429 1346 1580; baseline -0.001 -25"><span class='ocrx_word' id='word_1_97' title='bbox 252 1489 289 1556; x_wconf 92' lang='lat' dir='ltr'>id</span> <span class='ocrx_word' id='word_1_98' title='bbox 307 1489 447 1576; x_wconf 71' lang='lat' dir='ltr'>indunt,</span> <span class='ocrx_word' id='word_1_99' title='bbox 463 1503 546 1556; x_wconf 82' lang='lat' dir='ltr'>muto</span> <span class='ocrx_word' id='word_1_100' title='bbox 563 1503 661 1580; x_wconf 87' lang='lat' dir='ltr'>atque</span> <span class='ocrx_word' id='word_1_101' title='bbox 683 1429 907 1556; x_wconf 70' lang='lat' dir='ltr'>irrationalilia</span> <span class='ocrx_word' id='word_1_102' title='bbox 930 1503 1096 1556; x_wconf 87' lang='lat' dir='ltr'>vocantur.</span> <span class='ocrx_word' id='word_1_103' title='bbox 1140 1491 1291 1578; x_wconf 88' lang='lat' dir='ltr'>Denique</span> <span class='ocrx_word' id='word_1_104' title='bbox 1307 1493 1346 1576; x_wconf 75' lang='lat'>17</span> 
     </span>
     <span class='ocr_line' id='line_1_14' title="bbox 252 1575 1291 1665; baseline -0.001 -24"><span class='ocrx_word' id='word_1_105' title='bbox 252 1577 415 1656; x_wconf 89' lang='lat' dir='ltr'>homines,</span> <span class='ocrx_word' id='word_1_106' title='bbox 429 1578 548 1665; x_wconf 85' lang='lat' dir='ltr'>quibus</span> <span class='ocrx_word' id='word_1_107' title='bbox 570 1599 611 1640; x_wconf 91' lang='lat' dir='ltr'>ne</span> <span class='ocrx_word' id='word_1_108' title='bbox 636 1590 687 1640; x_wconf 85' lang='lat' dir='ltr'>ata</span> <span class='ocrx_word' id='word_1_109' title='bbox 702 1597 764 1640; x_wconf 81' lang='lat' dir='ltr'>vox</span> <span class='ocrx_word' id='word_1_110' title='bbox 788 1577 842 1656; x_wconf 89' lang='lat' dir='ltr'>esi,</span> <span class='ocrx_word' id='word_1_111' title='bbox 881 1578 1052 1642; x_wconf 87' lang='lat' dir='ltr'>uantulum</span> <span class='ocrx_word' id='word_1_112' title='bbox 1068 1575 1198 1664; x_wconf 81' lang='lat' dir='ltr'>adjuvat</span> <span class='ocrx_word' id='word_1_113' title='bbox 1221 1577 1291 1640; x_wconf 88' lang='lat' dir='ltr'>ani-</span> 
     </span>
     <span class='ocr_line' id='line_1_15' title="bbox 253 1600 1292 1728; baseline -0.001 0"><span class='ocrx_word' id='word_1_114' title='bbox 253 1685 328 1728; x_wconf 89' lang='lat' dir='ltr'>mus</span> <span class='ocrx_word' id='word_1_115' title='bbox 343 1661 398 1726; x_wconf 90' lang='lat' dir='ltr'>ille</span> <span class='ocrx_word' id='word_1_116' title='bbox 413 1663 569 1727; x_wconf 79' lang='lat' dir='ltr'>ccelesiis?</span> <span class='ocrx_word' id='word_1_117' title='bbox 641 1673 737 1727; x_wconf 78' lang='lat' dir='ltr'>uare¹¹</span> <span class='ocrx_word' id='word_1_118' title='bbox 761 1661 781 1726; x_wconf 81' lang='lat' dir='ltr'>st</span> <span class='ocrx_word' id='word_1_119' title='bbox 798 1600 881 1727; x_wconf 86' lang='lat' dir='ltr'>nihil</span> <span class='ocrx_word' id='word_1_120' title='bbox 903 1685 921 1728; x_wconf 88' lang='lat' dir='ltr'>a</span> <span class='ocrx_word' id='word_1_121' title='bbox 942 1663 1004 1726; x_wconf 89' lang='lat' dir='ltr'>diis</span> <span class='ocrx_word' id='word_1_122' title='bbox 1019 1663 1162 1727; x_wconf 86' lang='lat' dir='ltr'>oratione</span> <span class='ocrx_word' id='word_1_123' title='bbox 1175 1660 1292 1727; x_wconf 87' lang='lat' dir='ltr'>melius</span> 
     </span>
     <span class='ocr_line' id='line_1_16' title="bbox 252 1745 1291 1848; baseline -0.001 -36"><span class='ocrx_word' id='word_1_124' title='bbox 252 1747 449 1848; x_wconf 85' lang='lat' dir='ltr'>accepimus,</span> <span class='ocrx_word' id='word_1_125' title='bbox 464 1747 543 1834; x_wconf 91' lang='lat' dir='ltr'>quid</span> <span class='ocrx_word' id='word_1_126' title='bbox 569 1760 635 1812; x_wconf 89' lang='lat' dir='ltr'>tam</span> <span class='ocrx_word' id='word_1_127' title='bbox 659 1747 797 1834; x_wconf 87' lang='lat' dir='ltr'>dignum</span> <span class='ocrx_word' id='word_1_128' title='bbox 818 1747 911 1814; x_wconf 91' lang='lat' dir='ltr'>cultu</span> <span class='ocrx_word' id='word_1_129' title='bbox 933 1769 970 1812; x_wconf 87' lang='lat' dir='ltr'>ac</span> <span class='ocrx_word' id='word_1_130' title='bbox 992 1747 1102 1812; x_wconf 85' lang='lat' dir='ltr'>labore</span> <span class='ocrx_word' id='word_1_131' title='bbox 1121 1745 1291 1825; x_wconf 83' lang='lat' dir='ltr'>ducamus,</span> 
     </span>
     <span class='ocr_line' id='line_1_17' title="bbox 254 1831 1290 1934; baseline -0.003 -36"><span class='ocrx_word' id='word_1_132' title='bbox 254 1845 311 1898; x_wconf 89' lang='lat' dir='ltr'>aut</span> <span class='ocrx_word' id='word_1_133' title='bbox 335 1856 368 1896; x_wconf 90' lang='lat' dir='ltr'>m</span> <span class='ocrx_word' id='word_1_134' title='bbox 384 1855 451 1921; x_wconf 94' lang='lat' dir='ltr'>quo</span> <span class='ocrx_word' id='word_1_135' title='bbox 465 1833 616 1898; x_wconf 87' lang='lat' dir='ltr'>malimus</span> <span class='ocrx_word' id='word_1_136' title='bbox 641 1835 784 1920; x_wconf 83' lang='lat' dir='ltr'>praestare</span> <span class='ocrx_word' id='word_1_137' title='bbox 805 1831 1006 1913; x_wconf 86' lang='lat' dir='ltr'>hominibus,¹</span> <span class='ocrx_word' id='word_1_138' title='bbox 1021 1855 1120 1920; x_wconf 86' lang='lat' dir='ltr'>quam</span> <span class='ocrx_word' id='word_1_139' title='bbox 1143 1856 1210 1920; x_wconf 91' lang='lat' dir='ltr'>quo</span> <span class='ocrx_word' id='word_1_140' title='bbox 1235 1833 1290 1934; x_wconf 85' lang='lat' dir='ltr'>ipsi</span> 
     </span>
     <span class='ocr_line' id='line_1_18' title="bbox 253 1917 1346 2007; baseline 0.002 -24"><span class='ocrx_word' id='word_1_141' title='bbox 253 1917 403 1984; x_wconf 84' lang='lat' dir='ltr'>homines</span> <span class='ocrx_word' id='word_1_142' title='bbox 425 1919 539 1984; x_wconf 86' lang='lat' dir='ltr'>ceteris</span> <span class='ocrx_word' id='word_1_143' title='bbox 561 1917 753 1983; x_wconf 86' lang='lat' dir='ltr'>animalibus</span> <span class='ocrx_word' id='word_1_144' title='bbox 767 1919 936 2006; x_wconf 83' lang='lat' dir='ltr'>praesiantl</span> <span class='ocrx_word' id='word_1_145' title='bbox 962 1921 1011 1983; x_wconf 86' lang='lat' dir='ltr'>Eo</span> <span class='ocrx_word' id='word_1_146' title='bbox 1026 1918 1159 2006; x_wconf 88' lang='lat' dir='ltr'>quidem</span> <span class='ocrx_word' id='word_1_147' title='bbox 1173 1939 1291 2007; x_wconf 78' lang='lat' dir='ltr'>magis,</span> <span class='ocrx_word' id='word_1_148' title='bbox 1307 1920 1346 1985; x_wconf 88' lang='lat'>18</span> 
     </span>
     <span class='ocr_line' id='line_1_19' title="bbox 253 2003 1294 2092; baseline 0.001 -24"><span class='ocrx_word' id='word_1_149' title='bbox 253 2004 343 2092; x_wconf 90' lang='lat' dir='ltr'>quod</span> <span class='ocrx_word' id='word_1_150' title='bbox 368 2005 458 2069; x_wconf 87' lang='lat' dir='ltr'>nulla</span> <span class='ocrx_word' id='word_1_151' title='bbox 482 2004 515 2068; x_wconf 92' lang='lat' dir='ltr'>in</span> <span class='ocrx_word' id='word_1_152' title='bbox 538 2015 652 2092; x_wconf 81' lang='lat' dir='ltr'>parte¹</span> <span class='ocrx_word' id='word_1_153' title='bbox 674 2003 800 2092; x_wconf 89' lang='lat' dir='ltr'>plenius</span> <span class='ocrx_word' id='word_1_154' title='bbox 825 2003 916 2069; x_wconf 85' lang='lat' dir='ltr'>labor</span> <span class='ocrx_word' id='word_1_155' title='bbox 939 2005 1075 2092; x_wconf 85' lang='lat' dir='ltr'>gratiam</span> <span class='ocrx_word' id='word_1_156' title='bbox 1101 2004 1209 2070; x_wconf 88' lang='lat' dir='ltr'>refert.</span> <span class='ocrx_word' id='word_1_157' title='bbox 1255 2003 1294 2069; x_wconf 90' lang='lat' dir='ltr'>ld</span> 
     </span>
     <span class='ocr_line' id='line_1_20' title="bbox 253 2089 1292 2176; baseline 0.001 -24"><span class='ocrx_word' id='word_1_158' title='bbox 253 2089 336 2155; x_wconf 89' lang='lat' dir='ltr'>adeo</span> <span class='ocrx_word' id='word_1_159' title='bbox 351 2089 639 2176; x_wconf 25' lang='lat' dir='ltr'>manifestum&#39;erit,</span> <span class='ocrx_word' id='word_1_160' title='bbox 654 2089 674 2153; x_wconf 83' lang='lat' dir='ltr'>fi</span> <span class='ocrx_word' id='word_1_161' title='bbox 691 2111 729 2154; x_wconf 93' lang='lat' dir='ltr'>co</span> <span class='ocrx_word' id='word_1_162' title='bbox 755 2090 978 2170; x_wconf 51' lang='lat' dir='ltr'>laverimus!</span> <span class='ocrx_word' id='word_1_163' title='bbox 1002 2089 1102 2169; x_wconf 85' lang='lat' dir='ltr'>unde,</span> <span class='ocrx_word' id='word_1_164' title='bbox 1117 2103 1150 2154; x_wconf 92' lang='lat' dir='ltr'>et</span> <span class='ocrx_word' id='word_1_165' title='bbox 1173 2090 1292 2176; x_wconf 90' lang='lat' dir='ltr'>quous-</span> 
     </span>
     <span class='ocr_line' id='line_1_21' title="bbox 253 2113 1291 2324; baseline 0.002 -86"><span class='ocrx_word' id='word_1_166' title='bbox 253 2193 317 2262; x_wconf 89' lang='lat' dir='ltr'>que</span> <span class='ocrx_word' id='word_1_167' title='bbox 336 2174 406 2262; x_wconf 88' lang='lat' dir='ltr'>jam</span> <span class='ocrx_word' id='word_1_168' title='bbox 421 2177 571 2261; x_wconf 75' lang='lat' dir='ltr'>provesla</span> <span class='ocrx_word' id='word_1_169' title='bbox 584 2175 622 2240; x_wconf 90' lang='lat' dir='ltr'>fit</span> <span class='ocrx_word' id='word_1_170' title='bbox 646 2113 765 2240; x_wconf 63' lang='lat' dir='ltr'>orantis</span> <span class='ocrx_word' id='word_1_171' title='bbox 770 2175 917 2256; x_wconf 80' lang='lat' dir='ltr'>facultas,</span> <span class='ocrx_word' id='word_1_172' title='bbox 932 2188 967 2240; x_wconf 90' lang='lat' dir='ltr'>et</span> <span class='ocrx_word' id='word_1_173' title='bbox 980 2175 1086 2240; x_wconf 90' lang='lat' dir='ltr'>adhuc</span> <span class='ocrx_word' id='word_1_174' title='bbox 1107 2175 1217 2263; x_wconf 86' lang='lat' dir='ltr'>augeri</span> <span class='ocrx_word' id='word_1_175' title='bbox 1231 2197 1291 2324; x_wconf 80' lang='lat' dir='ltr'>po-</span> 
     </span>
     <span class='ocr_line' id='line_1_22' title="bbox 252 2259 1345 2352; baseline 0.003 -28"><span class='ocrx_word' id='word_1_176' title='bbox 252 2261 322 2324; x_wconf 85' lang='lat' dir='ltr'>tesi.</span> <span class='ocrx_word' id='word_1_177' title='bbox 366 2262 454 2325; x_wconf 87' lang='lat' dir='ltr'>Nam</span> <span class='ocrx_word' id='word_1_178' title='bbox 469 2273 507 2324; x_wconf 92' lang='lat' dir='ltr'>ut</span> <span class='ocrx_word' id='word_1_179' title='bbox 520 2261 680 2339; x_wconf 85' lang='lat' dir='ltr'>omittam,</span> <span class='ocrx_word' id='word_1_180' title='bbox 697 2259 868 2326; x_wconf 82' lang='lat' dir='ltr'>defendere</span> <span class='ocrx_word' id='word_1_181' title='bbox 881 2261 1013 2342; x_wconf 87' lang='lat' dir='ltr'>amicos,</span> <span class='ocrx_word' id='word_1_182' title='bbox 1029 2283 1063 2326; x_wconf 88' lang='lat' dir='ltr'>re</span> <span class='ocrx_word' id='word_1_183' title='bbox 1107 2284 1141 2326; x_wconf 88' lang='lat' dir='ltr'>re</span> <span class='ocrx_word' id='word_1_184' title='bbox 1155 2261 1238 2326; x_wconf 86' lang='lat' dir='ltr'>consr</span> <span class='ocrx_word' id='word_1_185' title='bbox 1253 2261 1292 2326; x_wconf 87' lang='lat' dir='ltr'>iis</span> <span class='ocrx_word' id='word_1_186' title='bbox 1306 2281 1345 2352; x_wconf 90' lang='lat'>19</span> 
     </span>
     <span class='ocr_line' id='line_1_23' title="bbox 252 2342 1291 2446; baseline 0 -34"><span class='ocrx_word' id='word_1_187' title='bbox 252 2345 410 2425; x_wconf 82' lang='lat' dir='ltr'>senatum,</span> <span class='ocrx_word' id='word_1_188' title='bbox 425 2342 594 2434; x_wconf 88' lang='lat' dir='ltr'>populum,</span> <span class='ocrx_word' id='word_1_189' title='bbox 610 2347 786 2410; x_wconf 88' lang='lat' dir='ltr'>exereitum</span> <span class='ocrx_word' id='word_1_190' title='bbox 802 2347 836 2446; x_wconf 79' lang='lat' dir='ltr'>in</span> <span class='ocrx_word' id='word_1_191' title='bbox 850 2369 922 2434; x_wconf 81' lang='lat' dir='ltr'>quae</span> <span class='ocrx_word' id='word_1_192' title='bbox 936 2347 1036 2440; x_wconf 74' lang='lat' dir='ltr'>velit²</span> <span class='ocrx_word' id='word_1_193' title='bbox 1073 2367 1178 2427; x_wconf 78' lang='lat' dir='ltr'>unere,</span> <span class='ocrx_word' id='word_1_194' title='bbox 1193 2369 1291 2434; x_wconf 80' lang='lat' dir='ltr'>quam</span> 
     </span>
    </p>
   </div>
   <div class='ocr_carea' id='block_1_3' title="bbox 251 2429 1293 2841">
    <p class='ocr_par' dir='ltr' id='par_1_3' title="bbox 251 2429 1293 2841">
     <span class='ocr_line' id='line_1_24' title="bbox 253 2429 1291 2520; baseline 0.004 -26"><span class='ocrx_word' id='word_1_195' title='bbox 253 2431 292 2496; x_wconf 85' lang='lat' dir='ltr'>fit</span> <span class='ocrx_word' id='word_1_196' title='bbox 316 2430 408 2512; x_wconf 88' lang='lat' dir='ltr'>utile,</span> <span class='ocrx_word' id='word_1_197' title='bbox 425 2431 662 2520; x_wconf 83' lang='lat' dir='ltr'>conveniatque</span> <span class='ocrx_word' id='word_1_198' title='bbox 685 2429 773 2496; x_wconf 89' lang='lat' dir='ltr'>bono</span> <span class='ocrx_word' id='word_1_199' title='bbox 796 2453 885 2498; x_wconf 76' lang='lat' dir='ltr'>viro:</span> <span class='ocrx_word' id='word_1_200' title='bbox 912 2455 1020 2497; x_wconf 89' lang='lat' dir='ltr'>nonne</span> <span class='ocrx_word' id='word_1_201' title='bbox 1067 2429 1214 2497; x_wconf 86' lang='lat' dir='ltr'>ulcbrum</span> <span class='ocrx_word' id='word_1_202' title='bbox 1238 2431 1291 2498; x_wconf 87' lang='lat' dir='ltr'>vel</span> 
     </span>
     <span class='ocr_line' id='line_1_25' title="bbox 254 2453 1293 2606; baseline 0 -24"><span class='ocrx_word' id='word_1_203' title='bbox 254 2515 319 2582; x_wconf 88' lang='lat' dir='ltr'>hoc</span> <span class='ocrx_word' id='word_1_204' title='bbox 339 2516 441 2604; x_wconf 89' lang='lat' dir='ltr'>ipsum</span> <span class='ocrx_word' id='word_1_205' title='bbox 465 2518 520 2597; x_wconf 90' lang='lat' dir='ltr'>est,</span> <span class='ocrx_word' id='word_1_206' title='bbox 536 2541 576 2582; x_wconf 86' lang='lat' dir='ltr'>ex</span> <span class='ocrx_word' id='word_1_207' title='bbox 601 2519 766 2584; x_wconf 89' lang='lat' dir='ltr'>communi</span> <span class='ocrx_word' id='word_1_208' title='bbox 792 2517 968 2600; x_wconf 75' lang='lat' dir='ltr'>intelles&#39;su‚</span> <span class='ocrx_word' id='word_1_209' title='bbox 982 2453 1159 2606; x_wconf 69' lang='lat' dir='ltr'>verbisque,</span> <span class='ocrx_word' id='word_1_210' title='bbox 1173 2517 1293 2604; x_wconf 90' lang='lat' dir='ltr'>quibus</span> 
     </span>
     <span class='ocr_line' id='line_1_26' title="bbox 252 2603 1290 2691; baseline 0 -24"><span class='ocrx_word' id='word_1_211' title='bbox 252 2614 391 2667; x_wconf 91' lang='lat' dir='ltr'>utuntur</span> <span class='ocrx_word' id='word_1_212' title='bbox 414 2623 539 2683; x_wconf 85' lang='lat' dir='ltr'>omnes,</span> <span class='ocrx_word' id='word_1_213' title='bbox 554 2615 680 2667; x_wconf 83' lang='lat' dir='ltr'>tanturn</span> <span class='ocrx_word' id='word_1_214' title='bbox 706 2603 822 2690; x_wconf 77' lang='lat' dir='ltr'>assequi</span> <span class='ocrx_word' id='word_1_215' title='bbox 844 2603 949 2670; x_wconf 90' lang='lat' dir='ltr'>laudis</span> <span class='ocrx_word' id='word_1_216' title='bbox 970 2617 1004 2669; x_wconf 91' lang='lat' dir='ltr'>et</span> <span class='ocrx_word' id='word_1_217' title='bbox 1025 2603 1151 2691; x_wconf 80' lang='lat' dir='ltr'>gloria,</span> <span class='ocrx_word' id='word_1_218' title='bbox 1164 2615 1205 2667; x_wconf 87' lang='lat' dir='ltr'>ut</span> <span class='ocrx_word' id='word_1_219' title='bbox 1225 2625 1290 2667; x_wconf 90' lang='lat' dir='ltr'>non</span> 
     </span>
     <span class='ocr_line' id='line_1_27' title="bbox 252 2686 1290 2837; baseline 0.004 -87"><span class='ocrx_word' id='word_1_220' title='bbox 252 2686 343 2774; x_wconf 89' lang='lat' dir='ltr'>loqui</span> <span class='ocrx_word' id='word_1_221' title='bbox 359 2699 398 2837; x_wconf 54' lang='lat' dir='ltr'>egl</span> <span class='ocrx_word' id='word_1_222' title='bbox 413 2709 515 2768; x_wconf 90' lang='lat' dir='ltr'>orare,</span> <span class='ocrx_word' id='word_1_223' title='bbox 528 2688 581 2754; x_wconf 89' lang='lat' dir='ltr'>sed</span> <span class='ocrx_word' id='word_1_224' title='bbox 600 2689 687 2777; x_wconf 83' lang='lat' dir='ltr'>quod</span> <span class='ocrx_word' id='word_1_225' title='bbox 709 2689 823 2756; x_wconf 87' lang='lat' dir='ltr'>Pericli</span> <span class='ocrx_word' id='word_1_226' title='bbox 843 2690 994 2778; x_wconf 84' lang='lat' dir='ltr'>contigit,</span> <span class='ocrx_word' id='word_1_227' title='bbox 1009 2689 1173 2778; x_wconf 81' lang='lat' dir='ltr'>fulgurare</span> <span class='ocrx_word' id='word_1_228' title='bbox 1186 2711 1224 2753; x_wconf 89' lang='lat' dir='ltr'>ac</span> <span class='ocrx_word' id='word_1_229' title='bbox 1238 2702 1290 2754; x_wconf 92' lang='lat' dir='ltr'>to-</span> 
     </span>
     <span class='ocr_line' id='line_1_28' title="bbox 251 2771 900 2841; baseline 0.009 -4"><span class='ocrx_word' id='word_1_230' title='bbox 251 2793 330 2838; x_wconf 88' lang='lat' dir='ltr'>nare</span> <span class='ocrx_word' id='word_1_231' title='bbox 343 2771 375 2841; x_wconf 91' lang='lat' dir='ltr'>vi</span> <span class='ocrx_word' id='word_1_232' title='bbox 399 2774 502 2840; x_wconf 77' lang='lat' dir='ltr'>carisi</span> <span class='ocrx_word' id='word_1_233' title='bbox 899 2827 900 2830; x_wconf 17' lang='grc' dir='ltr'>η</span> 
     </span>
    </p>
   </div>
   <div class='ocr_carea' id='block_1_4' title="bbox 289 2959 1292 3028">
    <p class='ocr_par' dir='ltr' id='par_1_4' title="bbox 289 2959 1292 3028">
     <span class='ocr_line' id='line_1_29' title="bbox 289 2959 1292 3028; baseline 0.002 -20"><span class='ocrx_word' id='word_1_234' title='bbox 289 2963 299 2992; x_wconf 70' lang='lat'>²</span> <span class='ocrx_word' id='word_1_235' title='bbox 316 2959 401 3008; x_wconf 85' lang='lat' dir='ltr'>multis</span> <span class='ocrx_word' id='word_1_236' title='bbox 416 2962 448 3008; x_wconf 88' lang='lat' dir='ltr'>G.</span> <span class='ocrx_word' id='word_1_237' title='bbox 465 2969 487 3008; x_wconf 81' lang='lat' dir='ltr'>et</span> <span class='ocrx_word' id='word_1_238' title='bbox 503 2960 581 3024; x_wconf 79' lang='lat' dir='ltr'>oprimi</span> <span class='ocrx_word' id='word_1_239' title='bbox 599 2961 638 3028; x_wconf 85' lang='lat' dir='ltr'>qai</span> <span class='ocrx_word' id='word_1_240' title='bbox 653 2979 681 3010; x_wconf 76' lang='lat' dir='ltr'>ue</span> <span class='ocrx_word' id='word_1_241' title='bbox 696 2963 769 3012; x_wconf 78' lang='lat' dir='ltr'><em>MSS.</em></span> <span class='ocrx_word' id='word_1_242' title='bbox 793 2961 887 3028; x_wconf 72' lang='lat' dir='ltr'>Etjimr</span> <span class='ocrx_word' id='word_1_243' title='bbox 898 2962 960 3012; x_wconf 83' lang='lat' dir='ltr'>Plin.</span> <span class='ocrx_word' id='word_1_244' title='bbox 973 2979 997 3022; x_wconf 88' lang='lat'>2,</span> <span class='ocrx_word' id='word_1_245' title='bbox 1009 2963 1049 3023; x_wconf 79' lang='lat'>63.</span> <span class='ocrx_word' id='word_1_246' title='bbox 1078 2964 1145 3012; x_wconf 73' lang='lat' dir='ltr'>Quot</span> <span class='ocrx_word' id='word_1_247' title='bbox 1156 2971 1292 3010; x_wconf 76' lang='lat' dir='ltr'>atteruntur</span> 
     </span>
    </p>
   </div>
   <div class='ocr_carea' id='block_1_5' title="bbox 254 2979 1292 3156">
    <p class='ocr_par' dir='ltr' id='par_1_5' title="bbox 254 2979 1292 3156">
     <span class='ocr_line' id='line_1_30' title="bbox 255 2979 1292 3093; baseline -0.003 -19"><span class='ocrx_word' id='word_1_248' title='bbox 255 3037 355 3082; x_wconf 73' lang='lat' dir='ltr'>manus,</span> <span class='ocrx_word' id='word_1_249' title='bbox 367 3037 395 3073; x_wconf 92' lang='lat' dir='ltr'>ut</span> <span class='ocrx_word' id='word_1_250' title='bbox 405 3040 469 3072; x_wconf 89' lang='lat' dir='ltr'>unus</span> <span class='ocrx_word' id='word_1_251' title='bbox 480 3027 556 3074; x_wconf 86' lang='lat' dir='ltr'>niteat</span> <span class='ocrx_word' id='word_1_252' title='bbox 566 2979 699 3075; x_wconf 83' lang='lat' dir='ltr'>articuius?</span> <span class='ocrx_word' id='word_1_253' title='bbox 767 3029 890 3078; x_wconf 56' lang='lat' dir='ltr'>nouom</span> <span class='ocrx_word' id='word_1_254' title='bbox 902 3029 932 3077; x_wconf 88' lang='lat' dir='ltr'>G.</span> <span class='ocrx_word' id='word_1_255' title='bbox 998 3034 1010 3058; x_wconf 79' lang='lat'>¹</span> <span class='ocrx_word' id='word_1_256' title='bbox 1028 3027 1069 3075; x_wconf 84' lang='lat' dir='ltr'>Sic</span> <span class='ocrx_word' id='word_1_257' title='bbox 1080 3029 1110 3076; x_wconf 89' lang='lat' dir='ltr'>G.</span> <span class='ocrx_word' id='word_1_258' title='bbox 1122 3037 1144 3074; x_wconf 83' lang='lat' dir='ltr'>et</span> <span class='ocrx_word' id='word_1_259' title='bbox 1154 3026 1231 3090; x_wconf 80' lang='lat' dir='ltr'>optimi</span> <span class='ocrx_word' id='word_1_260' title='bbox 1242 3028 1292 3093; x_wconf 75' lang='lat' dir='ltr'>qui·</span> 
     </span>
     <span class='ocr_line' id='line_1_31' title="bbox 254 3089 1055 3156; baseline 0.009 -20"><span class='ocrx_word' id='word_1_261' title='bbox 254 3103 300 3156; x_wconf 67' lang='grc' dir='ltr'>με</span> <span class='ocrx_word' id='word_1_262' title='bbox 310 3089 384 3139; x_wconf 83' lang='lat' dir='ltr'><em>MSS.</em></span> <span class='ocrx_word' id='word_1_263' title='bbox 395 3100 462 3154; x_wconf 80' lang='lat' dir='ltr'>parte</span> <span class='ocrx_word' id='word_1_264' title='bbox 472 3089 506 3138; x_wconf 83' lang='lat' dir='ltr'>af.</span> <span class='ocrx_word' id='word_1_265' title='bbox 571 3099 624 3138; x_wconf 73' lang='lat' dir='ltr'>let</span> <span class='ocrx_word' id='word_1_266' title='bbox 635 3091 676 3156; x_wconf 68' lang='lat' dir='ltr'>iqfi</span> <span class='ocrx_word' id='word_1_267' title='bbox 688 3093 719 3140; x_wconf 87' lang='lat' dir='ltr'>G.</span> <span class='ocrx_word' id='word_1_268' title='bbox 728 3089 793 3142; x_wconf 75' lang='lat' dir='ltr'>Jens·</span> <span class='ocrx_word' id='word_1_269' title='bbox 857 3093 1055 3142; x_wconf 64' lang='lat' dir='ltr'>*vultGJent</span> 
     </span>
    </p>
   </div>
   <div class='ocr_carea' id='block_1_6' title="bbox 255 3264 1396 4244">
    <p class='ocr_par' dir='ltr' id='par_1_6' title="bbox 255 3264 1396 4244">
     <span class='ocr_line' id='line_1_32' title="bbox 296 3264 1396 3341; baseline 0.005 -24"><span class='ocrx_word' id='word_1_270' title='bbox 296 3283 307 3317; x_wconf 91' lang='lat' dir='ltr'>r</span> <span class='ocrx_word' id='word_1_271' title='bbox 314 3283 339 3333; x_wconf 86' lang='lat'>5.</span> <span class='ocrx_word' id='word_1_272' title='bbox 357 3283 431 3338; x_wconf 81' lang='lat' dir='ltr'>quam</span> <span class='ocrx_word' id='word_1_273' title='bbox 441 3264 600 3334; x_wconf 66' lang='lat' dir='ltr'>intellectum]</span> <span class='ocrx_word' id='word_1_274' title='bbox 621 3269 691 3341; x_wconf 80' lang='lat' dir='ltr'>Qin</span> <span class='ocrx_word' id='word_1_275' title='bbox 709 3285 748 3321; x_wconf 86' lang='lat' dir='ltr'>ar-</span> <span class='ocrx_word' id='word_1_276' title='bbox 799 3280 854 3321; x_wconf 89' lang='lat' dir='ltr'>tum</span> <span class='ocrx_word' id='word_1_277' title='bbox 870 3280 992 3320; x_wconf 79' lang='lat' dir='ltr'>oratorem</span> <span class='ocrx_word' id='word_1_278' title='bbox 1014 3266 1139 3338; x_wconf 73' lang='lat' dir='ltr'>graduma</span> <span class='ocrx_word' id='word_1_279' title='bbox 1168 3265 1208 3320; x_wconf 89' lang='lat' dir='ltr'>sed</span> <span class='ocrx_word' id='word_1_280' title='bbox 1228 3268 1290 3338; x_wconf 87' lang='lat' dir='ltr'>quid</span> <span class='ocrx_word' id='word_1_281' title='bbox 1393 3304 1396 3311; x_wconf 92' lang='lat'><em>-</em></span> 
     </span>
     <span class='ocr_line' id='line_1_33' title="bbox 256 3335 1291 3408; baseline 0.005 -21"><span class='ocrx_word' id='word_1_282' title='bbox 256 3347 406 3407; x_wconf 78' lang='lat' dir='ltr'>gementum</span> <span class='ocrx_word' id='word_1_283' title='bbox 441 3335 632 3407; x_wconf 84' lang='lat' dir='ltr'>potentissimum</span> <span class='ocrx_word' id='word_1_284' title='bbox 663 3351 750 3392; x_wconf 81' lang='lat' dir='ltr'>contra</span> <span class='ocrx_word' id='word_1_285' title='bbox 798 3339 845 3390; x_wconf 88' lang='lat' dir='ltr'>hoc</span> <span class='ocrx_word' id='word_1_286' title='bbox 873 3339 904 3390; x_wconf 79' lang='lat' dir='ltr'>ad</span> <span class='ocrx_word' id='word_1_287' title='bbox 928 3338 1031 3408; x_wconf 83' lang='lat' dir='ltr'>praesens</span> <span class='ocrx_word' id='word_1_288' title='bbox 1055 3349 1229 3406; x_wconf 85' lang='lat' dir='ltr'>argumentum</span> <span class='ocrx_word' id='word_1_289' title='bbox 1253 3338 1291 3392; x_wconf 60' lang='lat' dir='ltr'>fa,</span> 
     </span>
     <span class='ocr_line' id='line_1_34' title="bbox 257 3406 1291 3479; baseline 0.003 -21"><span class='ocrx_word' id='word_1_290' title='bbox 257 3406 404 3459; x_wconf 79' lang='lat' dir='ltr'>animalium</span> <span class='ocrx_word' id='word_1_291' title='bbox 424 3417 569 3459; x_wconf 71' lang='lat' dir='ltr'>ceterorum</span> <span class='ocrx_word' id='word_1_292' title='bbox 593 3419 682 3479; x_wconf 76' lang='lat' dir='ltr'>prater</span> <span class='ocrx_word' id='word_1_293' title='bbox 703 3407 749 3460; x_wconf 90' lang='lat' dir='ltr'>ho·</span> <span class='ocrx_word' id='word_1_294' title='bbox 799 3410 858 3469; x_wconf 89' lang='lat' dir='ltr'>ciat,</span> <span class='ocrx_word' id='word_1_295' title='bbox 871 3425 921 3460; x_wconf 92' lang='lat' dir='ltr'>non</span> <span class='ocrx_word' id='word_1_296' title='bbox 933 3409 968 3460; x_wconf 87' lang='lat' dir='ltr'>ita</span> <span class='ocrx_word' id='word_1_297' title='bbox 980 3417 1093 3479; x_wconf 82' lang='lat' dir='ltr'>apertum</span> <span class='ocrx_word' id='word_1_298' title='bbox 1111 3406 1175 3460; x_wconf 87' lang='lat' dir='ltr'>sorte</span> <span class='ocrx_word' id='word_1_299' title='bbox 1192 3408 1225 3460; x_wconf 86' lang='lat' dir='ltr'>est</span> <span class='ocrx_word' id='word_1_300' title='bbox 1236 3427 1291 3461; x_wconf 86' lang='lat' dir='ltr'>orn·</span> 
     </span>
     <span class='ocr_line' id='line_1_35' title="bbox 255 3477 1291 3599; baseline -0.003 -71"><span class='ocrx_word' id='word_1_301' title='bbox 255 3477 350 3529; x_wconf 84' lang='lat' dir='ltr'>minem</span> <span class='ocrx_word' id='word_1_302' title='bbox 370 3478 490 3528; x_wconf 85' lang='lat' dir='ltr'>rationem</span> <span class='ocrx_word' id='word_1_303' title='bbox 504 3477 560 3528; x_wconf 86' lang='lat' dir='ltr'>inde</span> <span class='ocrx_word' id='word_1_304' title='bbox 578 3479 629 3547; x_wconf 83' lang='lat' dir='ltr'>peti</span> <span class='ocrx_word' id='word_1_305' title='bbox 640 3477 749 3541; x_wconf 84' lang='lat' dir='ltr'>videtur,</span> <span class='ocrx_word' id='word_1_306' title='bbox 797 3479 884 3531; x_wconf 83' lang='lat' dir='ltr'>nibus.</span> <span class='ocrx_word' id='word_1_307' title='bbox 903 3477 959 3599; x_wconf 71' lang='lat' dir='ltr'>Ego</span> <span class='ocrx_word' id='word_1_308' title='bbox 971 3478 1006 3530; x_wconf 88' lang='lat' dir='ltr'>ita</span> <span class='ocrx_word' id='word_1_309' title='bbox 1017 3480 1149 3549; x_wconf 77' lang='lat' dir='ltr'>putabam.</span> <span class='ocrx_word' id='word_1_310' title='bbox 1172 3477 1291 3531; x_wconf 85' lang='lat' dir='ltr'>Rhetori.</span> 
     </span>
     <span class='ocr_line' id='line_1_36' title="bbox 255 3545 1291 3614; baseline -0.002 -16"><span class='ocrx_word' id='word_1_311' title='bbox 255 3545 327 3614; x_wconf 86' lang='lat' dir='ltr'>quod</span> <span class='ocrx_word' id='word_1_312' title='bbox 346 3563 404 3598; x_wconf 87' lang='lat' dir='ltr'>cum</span> <span class='ocrx_word' id='word_1_313' title='bbox 424 3562 474 3597; x_wconf 92' lang='lat' dir='ltr'>non</span> <span class='ocrx_word' id='word_1_314' title='bbox 493 3559 591 3599; x_wconf 81' lang='lat' dir='ltr'>careant</span> <span class='ocrx_word' id='word_1_315' title='bbox 610 3548 695 3600; x_wconf 85' lang='lat' dir='ltr'>omnia</span> <span class='ocrx_word' id='word_1_316' title='bbox 711 3547 749 3601; x_wconf 86' lang='lat' dir='ltr'>lo-</span> <span class='ocrx_word' id='word_1_317' title='bbox 799 3565 827 3600; x_wconf 83' lang='lat' dir='ltr'>ce</span> <span class='ocrx_word' id='word_1_318' title='bbox 838 3548 888 3600; x_wconf 84' lang='lat' dir='ltr'>fuis</span> <span class='ocrx_word' id='word_1_319' title='bbox 899 3565 930 3600; x_wconf 82' lang='lat' dir='ltr'>cu</span> <span class='ocrx_word' id='word_1_320' title='bbox 942 3550 1040 3601; x_wconf 75' lang='lat' dir='ltr'>toribus</span> <span class='ocrx_word' id='word_1_321' title='bbox 1057 3547 1128 3600; x_wconf 86' lang='lat' dir='ltr'>utilis</span> <span class='ocrx_word' id='word_1_322' title='bbox 1145 3547 1187 3608; x_wconf 87' lang='lat' dir='ltr'>est,</span> <span class='ocrx_word' id='word_1_323' title='bbox 1199 3559 1229 3599; x_wconf 90' lang='lat' dir='ltr'>ut</span> <span class='ocrx_word' id='word_1_324' title='bbox 1246 3549 1291 3600; x_wconf 81' lang='lat' dir='ltr'>ad.</span> 
     </span>
     <span class='ocr_line' id='line_1_37' title="bbox 276 3615 1292 3686; baseline 0.004 -20"><span class='ocrx_word' id='word_1_325' title='bbox 276 3615 350 3667; x_wconf 86' lang='lat' dir='ltr'>uendi</span> <span class='ocrx_word' id='word_1_326' title='bbox 362 3615 535 3680; x_wconf 83' lang='lat' dir='ltr'>instrument03</span> <span class='ocrx_word' id='word_1_327' title='bbox 549 3617 750 3686; x_wconf 85' lang='lat' dir='ltr'>quaedametiam</span> <span class='ocrx_word' id='word_1_328' title='bbox 799 3615 848 3671; x_wconf 85' lang='lat' dir='ltr'>ltuc</span> <span class='ocrx_word' id='word_1_329' title='bbox 868 3618 989 3680; x_wconf 86' lang='lat' dir='ltr'>vidimus,</span> <span class='ocrx_word' id='word_1_330' title='bbox 1005 3629 1030 3670; x_wconf 87' lang='lat' dir='ltr'>et</span> <span class='ocrx_word' id='word_1_331' title='bbox 1053 3616 1162 3670; x_wconf 84' lang='lat' dir='ltr'>laborem</span> <span class='ocrx_word' id='word_1_332' title='bbox 1184 3616 1229 3669; x_wconf 88' lang='lat' dir='ltr'>frbi</span> <span class='ocrx_word' id='word_1_333' title='bbox 1252 3619 1292 3670; x_wconf 89' lang='lat' dir='ltr'>in·</span> 
     </span>
     <span class='ocr_line' id='line_1_38' title="bbox 256 3631 1290 3758; baseline 0.002 -22"><span class='ocrx_word' id='word_1_334' title='bbox 256 3631 391 3737; x_wconf 71' lang='lat' dir='ltr'>sermonem</span> <span class='ocrx_word' id='word_1_335' title='bbox 404 3684 541 3738; x_wconf 85' lang='lat' dir='ltr'>humanum</span> <span class='ocrx_word' id='word_1_336' title='bbox 553 3687 698 3751; x_wconf 81' lang='lat' dir='ltr'>imitentur3</span> <span class='ocrx_word' id='word_1_337' title='bbox 711 3701 750 3738; x_wconf 88' lang='lat' dir='ltr'>ta·</span> <span class='ocrx_word' id='word_1_338' title='bbox 798 3686 909 3740; x_wconf 87' lang='lat' dir='ltr'>sumtum</span> <span class='ocrx_word' id='word_1_339' title='bbox 937 3689 1035 3758; x_wconf 82' lang='lat' dir='ltr'>magnis</span> <span class='ocrx_word' id='word_1_340' title='bbox 1058 3687 1142 3758; x_wconf 82' lang='lat' dir='ltr'>pensat</span> <span class='ocrx_word' id='word_1_341' title='bbox 1187 3687 1290 3748; x_wconf 78' lang='lat' dir='ltr'>taemiis,</span> 
     </span>
     <span class='ocr_line' id='line_1_39' title="bbox 257 3703 1290 3829; baseline 0.002 -23"><span class='ocrx_word' id='word_1_342' title='bbox 257 3771 315 3806; x_wconf 88' lang='lat' dir='ltr'>men</span> <span class='ocrx_word' id='word_1_343' title='bbox 333 3755 414 3825; x_wconf 87' lang='lat' dir='ltr'>loqui,</span> <span class='ocrx_word' id='word_1_344' title='bbox 434 3766 459 3808; x_wconf 86' lang='lat' dir='ltr'>et</span> <span class='ocrx_word' id='word_1_345' title='bbox 478 3753 598 3808; x_wconf 82' lang='lat' dir='ltr'>sermones</span> <span class='ocrx_word' id='word_1_346' title='bbox 621 3757 751 3808; x_wconf 88' lang='lat' dir='ltr'>nobiscum</span> <span class='ocrx_word' id='word_1_347' title='bbox 798 3754 858 3809; x_wconf 91' lang='lat' dir='ltr'>licet</span> <span class='ocrx_word' id='word_1_348' title='bbox 880 3758 991 3810; x_wconf 89' lang='lat' dir='ltr'>nondum</span> <span class='ocrx_word' id='word_1_349' title='bbox 1014 3758 1086 3829; x_wconf 84' lang='lat' dir='ltr'>plarre</span> <span class='ocrx_word' id='word_1_350' title='bbox 1108 3703 1219 3808; x_wconf 77' lang='lat' dir='ltr'>abfolista</span> <span class='ocrx_word' id='word_1_351' title='bbox 1240 3753 1290 3821; x_wconf 69' lang='grc' dir='ltr'>(ιτς</span> 
     </span>
     <span class='ocr_line' id='line_1_40' title="bbox 255 3821 1291 3898; baseline -0.003 -18"><span class='ocrx_word' id='word_1_352' title='bbox 255 3825 357 3880; x_wconf 82' lang='lat' dir='ltr'>miscere</span> <span class='ocrx_word' id='word_1_353' title='bbox 368 3842 416 3876; x_wconf 88' lang='lat' dir='ltr'>non</span> <span class='ocrx_word' id='word_1_354' title='bbox 428 3825 534 3877; x_wconf 86' lang='lat' dir='ltr'>discunt.</span> <span class='ocrx_word' id='word_1_355' title='bbox 799 3827 861 3896; x_wconf 89' lang='lat' dir='ltr'>quid</span> <span class='ocrx_word' id='word_1_356' title='bbox 873 3828 952 3898; x_wconf 85' lang='lat' dir='ltr'>igitur</span> <span class='ocrx_word' id='word_1_357' title='bbox 969 3827 1021 3890; x_wconf 87' lang='lat' dir='ltr'>liet,</span> <span class='ocrx_word' id='word_1_358' title='bbox 1034 3843 1093 3880; x_wconf 84' lang='lat' dir='ltr'>curu</span> <span class='ocrx_word' id='word_1_359' title='bbox 1105 3827 1137 3880; x_wconf 76' lang='lat' dir='ltr'>ad</span> <span class='ocrx_word' id='word_1_360' title='bbox 1154 3825 1230 3878; x_wconf 80' lang='lat' dir='ltr'>altius</span> <span class='ocrx_word' id='word_1_361' title='bbox 1241 3821 1291 3878; x_wconf 75' lang='lat' dir='ltr'>fas·</span> 
     </span>
     <span class='ocr_line' id='line_1_41' title="bbox 296 3891 1092 3967; baseline 0.005 -21"><span class='ocrx_word' id='word_1_362' title='bbox 296 3899 338 3946; x_wconf 86' lang='lat'>18.</span> <span class='ocrx_word' id='word_1_363' title='bbox 357 3904 382 3946; x_wconf 84' lang='lat' dir='ltr'>et</span> <span class='ocrx_word' id='word_1_364' title='bbox 390 3893 470 3946; x_wconf 83' lang='lat' dir='ltr'>adbuc</span> <span class='ocrx_word' id='word_1_365' title='bbox 479 3892 569 3963; x_wconf 80' lang='lat' dir='ltr'>augeri</span> <span class='ocrx_word' id='word_1_366' title='bbox 579 3891 667 3967; x_wconf 73' lang='lat' dir='ltr'>potest]</span> <span class='ocrx_word' id='word_1_367' title='bbox 687 3895 762 3948; x_wconf 79' lang='lat' dir='ltr'>lsaec-</span> <span class='ocrx_word' id='word_1_368' title='bbox 798 3897 892 3967; x_wconf 82' lang='lat' dir='ltr'>tigium</span> <span class='ocrx_word' id='word_1_369' title='bbox 902 3895 978 3950; x_wconf 87' lang='lat' dir='ltr'>fuerit</span> <span class='ocrx_word' id='word_1_370' title='bbox 988 3896 1092 3950; x_wconf 72' lang='lat' dir='ltr'>credie?</span> 
     </span>
     <span class='ocr_line' id='line_1_42' title="bbox 257 3962 1291 4036; baseline 0.002 -20"><span class='ocrx_word' id='word_1_371' title='bbox 257 3967 335 4022; x_wconf 76' lang='lat' dir='ltr'>verba</span> <span class='ocrx_word' id='word_1_372' title='bbox 353 3964 445 4015; x_wconf 86' lang='lat' dir='ltr'>habent</span> <span class='ocrx_word' id='word_1_373' title='bbox 465 3963 509 4016; x_wconf 89' lang='lat' dir='ltr'>illa</span> <span class='ocrx_word' id='word_1_374' title='bbox 529 3965 630 4033; x_wconf 87' lang='lat' dir='ltr'>quidem</span> <span class='ocrx_word' id='word_1_375' title='bbox 650 3966 708 4018; x_wconf 84' lang='lat' dir='ltr'>satis</span> <span class='ocrx_word' id='word_1_376' title='bbox 721 3984 749 4018; x_wconf 86' lang='lat' dir='ltr'>a·</span> <span class='ocrx_word' id='word_1_377' title='bbox 830 3983 877 4036; x_wconf 80' lang='lat'>¹9·</span> <span class='ocrx_word' id='word_1_378' title='bbox 897 3965 999 4032; x_wconf 71' lang='lat' dir='ltr'>Pericli]</span> <span class='ocrx_word' id='word_1_379' title='bbox 1019 3967 1059 4020; x_wconf 85' lang='lat' dir='ltr'>De</span> <span class='ocrx_word' id='word_1_380' title='bbox 1075 3983 1127 4036; x_wconf 85' lang='lat' dir='ltr'>quo</span> <span class='ocrx_word' id='word_1_381' title='bbox 1139 3962 1291 4018; x_wconf 85' lang='lat' dir='ltr'>celebratum</span> 
     </span>
     <span class='ocr_line' id='line_1_43' title="bbox 256 4033 1292 4106; baseline 0.006 -22"><span class='ocrx_word' id='word_1_382' title='bbox 256 4045 353 4104; x_wconf 80' lang='lat' dir='ltr'>perram</span> <span class='ocrx_word' id='word_1_383' title='bbox 365 4033 516 4095; x_wconf 86' lang='lat' dir='ltr'>sententiam,</span> <span class='ocrx_word' id='word_1_384' title='bbox 529 4049 581 4103; x_wconf 83' lang='lat' dir='ltr'>qua</span> <span class='ocrx_word' id='word_1_385' title='bbox 591 4034 748 4098; x_wconf 71' lang='lat' dir='ltr'>adsunam,</span> <span class='ocrx_word' id='word_1_386' title='bbox 797 4033 857 4088; x_wconf 84' lang='lat' dir='ltr'>illud</span> <span class='ocrx_word' id='word_1_387' title='bbox 871 4035 1001 4106; x_wconf 85' lang='lat' dir='ltr'>Aristoph.</span> <span class='ocrx_word' id='word_1_388' title='bbox 1012 4037 1126 4089; x_wconf 84' lang='lat' dir='ltr'>Acharn.</span> <span class='ocrx_word' id='word_1_389' title='bbox 1139 4050 1198 4101; x_wconf 81' lang='lat'><strong>53⁰·</strong></span> <span class='ocrx_word' id='word_1_390' title='bbox 1207 4037 1292 4101; x_wconf 63' lang='lat' dir='ltr'>&#39;lisp-</span> 
     </span>
     <span class='ocr_line' id='line_1_44' title="bbox 257 4102 1291 4174; baseline 0.003 -20"><span class='ocrx_word' id='word_1_391' title='bbox 257 4104 326 4172; x_wconf 82' lang='lat' dir='ltr'>quod</span> <span class='ocrx_word' id='word_1_392' title='bbox 343 4102 405 4155; x_wconf 76' lang='lat' dir='ltr'>alias</span> <span class='ocrx_word' id='word_1_393' title='bbox 424 4103 511 4158; x_wconf 83' lang='lat' dir='ltr'>multis</span> <span class='ocrx_word' id='word_1_394' title='bbox 533 4105 620 4156; x_wconf 80' lang='lat' dir='ltr'>verbis</span> <span class='ocrx_word' id='word_1_395' title='bbox 635 4102 748 4157; x_wconf 80' lang='lat' dir='ltr'>defendi·</span> <span class='ocrx_word' id='word_1_396' title='bbox 797 4103 854 4168; x_wconf 77' lang='lat' dir='ltr'>nltr,</span> <span class='ocrx_word' id='word_1_397' title='bbox 866 4105 959 4174; x_wconf 56' lang='lat' dir='ltr'>lesina,</span> <span class='ocrx_word' id='word_1_398' title='bbox 972 4107 1071 4170; x_wconf 64' lang='grc' dir='ltr'>ξυνεκύκα</span> <span class='ocrx_word' id='word_1_399' title='bbox 1081 4103 1234 4164; x_wconf 68' lang='lat' dir='ltr'>ets‘stndta,</span> <span class='ocrx_word' id='word_1_400' title='bbox 1244 4103 1291 4158; x_wconf 89' lang='lat' dir='ltr'>ubi</span> 
     </span>
     <span class='ocr_line' id='line_1_45' title="bbox 257 4171 1291 4244; baseline 0.001 -20"><span class='ocrx_word' id='word_1_401' title='bbox 257 4182 309 4233; x_wconf 88' lang='lat' dir='ltr'>tur,</span> <span class='ocrx_word' id='word_1_402' title='bbox 322 4171 436 4244; x_wconf 74' lang='lat' dir='ltr'>superesse</span> <span class='ocrx_word' id='word_1_403' title='bbox 450 4174 529 4240; x_wconf 87' lang='lat' dir='ltr'>majus</span> <span class='ocrx_word' id='word_1_404' title='bbox 541 4174 669 4242; x_wconf 84' lang='lat' dir='ltr'>quoddam</span> <span class='ocrx_word' id='word_1_405' title='bbox 681 4171 748 4226; x_wconf 77' lang='lat' dir='ltr'>fassi-</span> <span class='ocrx_word' id='word_1_406' title='bbox 796 4174 895 4244; x_wconf 78' lang='lat' dir='ltr'>quoties</span> <span class='ocrx_word' id='word_1_407' title='bbox 907 4175 949 4227; x_wconf 83' lang='lat' dir='ltr'>alii</span> <span class='ocrx_word' id='word_1_408' title='bbox 961 4173 1074 4226; x_wconf 73' lang='lat' dir='ltr'>ausloies</span> <span class='ocrx_word' id='word_1_409' title='bbox 1085 4175 1117 4227; x_wconf 87' lang='lat' dir='ltr'>ad</span> <span class='ocrx_word' id='word_1_410' title='bbox 1128 4173 1174 4226; x_wconf 75' lang='lat' dir='ltr'>hos</span> <span class='ocrx_word' id='word_1_411' title='bbox 1191 4173 1291 4227; x_wconf 80' lang='lat' dir='ltr'>Aristo·</span> 
     </span>
    </p>
   </div>
   <div class='ocr_carea' id='block_1_7' title="bbox 254 4241 1293 4319">
    <p class='ocr_par' dir='ltr' id='par_1_7' title="bbox 254 4241 1293 4319">
     <span class='ocr_line' id='line_1_46' title="bbox 254 4241 1293 4319; baseline 0.003 -25"><span class='ocrx_word' id='word_1_412' title='bbox 254 4242 328 4315; x_wconf 74' lang='lat' dir='ltr'>gium</span> <span class='ocrx_word' id='word_1_413' title='bbox 340 4255 364 4298; x_wconf 88' lang='lat' dir='ltr'>et</span> <span class='ocrx_word' id='word_1_414' title='bbox 375 4244 513 4315; x_wconf 77' lang='lat' dir='ltr'>propiorem</span> <span class='ocrx_word' id='word_1_415' title='bbox 525 4243 594 4314; x_wconf 67' lang='lat' dir='ltr'>quasi</span> <span class='ocrx_word' id='word_1_416' title='bbox 608 4243 641 4302; x_wconf 77' lang='lat' dir='ltr'>ad</span> <span class='ocrx_word' id='word_1_417' title='bbox 652 4243 750 4316; x_wconf 42' lang='lat' dir='ltr'>perfers</span> <span class='ocrx_word' id='word_1_418' title='bbox 795 4245 884 4315; x_wconf 64' lang='lat' dir='ltr'>plenis</span> <span class='ocrx_word' id='word_1_419' title='bbox 900 4241 1030 4306; x_wconf 69' lang='lat' dir='ltr'>versiculos</span> <span class='ocrx_word' id='word_1_420' title='bbox 1042 4243 1202 4319; x_wconf 73' lang='lat' dir='ltr'>respexerint,</span> <span class='ocrx_word' id='word_1_421' title='bbox 1221 4255 1293 4298; x_wconf 81' lang='lat' dir='ltr'>com·</span> 
     </span>
    </p>
   </div>
   <div class='ocr_carea' id='block_1_8' title="bbox 0 0 1522 4920">
    <p class='ocr_par' dir='ltr' id='par_1_8' title="bbox 0 0 1522 4920">
     <span class='ocr_line' id='line_1_47' title="bbox 0 0 1522 4920; baseline 0 0"><span class='ocrx_word' id='word_1_422' title='bbox 0 0 1522 4920; x_wconf 95' lang='lat' dir='ltr'> </span> 
     </span>
    </p>
   </div>
  </div>
 </body>
</html>
