3024 4912
252 381 309 446 182
484 385 531 447 M.
547 383 675 446 rnen
700 383 1051 446 oU1NOT1L1AN1
1115 439 1117 442 .

249 547 347 614 status
367 545 511 627 veniunt,
527 559 647 629 tamen,
662 546 739 638 quie
755 551 805 634 (ut
818 546 900 630 dixi)
918 548 1040 614 habent
1054 545 1177 636 aliquid
1194 543 1286 614 velat

250 656 309 720 pro
331 633 426 713 rium,
443 633 591 699 videntur
604 633 847 700 demonstranda
860 634 1054 700 discentibus
1069 659 1077 697 ε
1106 647 1138 698 et
1152 635 1284 720 permit-

250 656 385 786 tendum
397 741 435 784 ea
445 719 551 784 dicere
561 718 716 807 velstotos
732 719 856 807 legales,
869 719 918 784 vel
953 719 1114 868 soffonias,
1124 719 1174 784 vel
1185 721 1285 810 capita

250 803 399 892 quaedam
415 805 552 868 minora.-
574 804 653 870 dum
667 803 776 884 sciant,
792 805 873 870 nihil
890 745 977 870 nein
1016 806 1043 870 is
1057 804 1187 892 quidem
1223 827 1283 870 rae·

249 901 299 954 ter
313 890 384 970 tria,
399 913 472 976 quae
486 889 703 976 praediximus,
721 890 833 979 quaeri.
865 893 911 956 At
958 893 1112 956 uantum?
1133 901 1167 954 ot
1215 915 1285 955 uam
1298 899 1341 968 90

212 1045 214 1054 ‚
250 975 408 1040 multum?
439 988 473 1040 et
490 977 550 1042 Ad
560 975 691 1063 aliquid,
707 992 740 1040 et
758 982 808 1060 (ut
822 993 907 1042 nonn
959 973 1188 1064 iputaverunt)
1206 993 1283 1040 cont-

246 1061 436 1148 porotivus¹,
453 1083 518 1125 non
534 1061 679 1128 eamdem
693 1063 850 1126 rationem
865 1062 1001 1128 habent:
1025 1062 1098 1127 sunt
1112 1062 1198 1126 eninr
1213 1062 1285 1128 haeo

251 1169 316 1210 non
344 1147 385 1212 ad
413 1147 596 1212 varietatem
622 1147 717 1236 juris,
744 1147 797 1212 sed
817 1147 859 1212 ad
888 1147 986 1214 solans
1015 1148 1171 1212 rationem
1201 1147 1283 1212 refe-

249 1231 373 1296 renda:
395 1228 469 1297 ideo
493 1256 534 1298 ue
547 1233 669 1319 semper
684 1232 715 1296 in
753 1247 819 1298 arte
833 1245 890 1298 aut
911 1231 1104 1319 conjecture
1125 1247 1181 1298 aut
1201 1256 1282 1320 qua-

189 1337 193 1346 ·
248 1317 350 1382 litatis
365 1257 513 1406 ponenda
527 1319 611 1398 sunt,
627 1331 665 1384 ut
676 1331 709 1398 “¹9
728 1255 795 1384 gno
810 1322 931 1383 mente?
951 1331 985 1382 et
1001 1319 1065 1384 Quo
1080 1322 1230 1406 tenpore?
1250 1331 1284 1384 et

253 1403 319 1488 Quo
342 1403 430 1468 loco?
461 1403 524 1470 Sed
549 1403 590 1468 de
616 1403 658 1468 fin
686 1403 747 1468 ulis
772 1403 917 1470 dicemus
943 1403 1180 1492 quaestionibus,
1207 1427 1281 1470 cum
1296 1405 1362 1481 91⁵

250 1489 386 1554 tranare
398 1501 555 1576 praecepta
570 1425 734 1576 Dividonis
747 1491 953 1576 coeperimus.
983 1489 1059 1554 Hoc
1074 1487 1156 1552 inter
1169 1511 1284 1556 omncs

250 1575 412 1654 convenit,
428 1573 460 1638 in
475 1574 584 1639 cauffis
606 1573 952 1664 fimplicibussrngulos
975 1575 1070 1640 status
1090 1573 1151 1638 esse
1164 1575 1282 1640 caussa-

249 1681 334 1736 rum,
350 1659 559 1746 quaestionum
583 1672 702 1740 autem,
718 1683 792 1746 quae
815 1661 902 1724 ielut
923 1660 1119 1749 subjacentes
1134 1660 1173 1724 ad
1189 1660 1282 1740 illud,

249 1743 486 1832 quojudicium
500 1745 695 1823 continetur,
711 1745 902 1824 referuntur,
913 1745 953 1809 sae
1008 1743 1041 1807 in
1057 1767 1153 1808 unam
1170 1747 1284 1812 eadem

249 1829 357 1916 plures
370 1831 466 1918 posse.
510 1827 618 1896 Etiam
640 1831 736 1896 credo
757 1830 929 1917 aliquando
949 1767 1099 1909 dibiad,
1139 1854 1182 1894 uo
1202 1832 1282 1897 statu
1295 1835 1336 1912 92

249 1917 287 1980 fit
300 1915 470 1996 utendum,
492 1937 566 1981 cum
589 1915 735 1981 adversus
758 1939 855 1980 unam
877 1917 1091 1980 intentionem
1107 1855 1198 2003 piiura
1220 1940 1281 2003 op-

248 2015 431 2088 ponuntur:
455 2014 489 2066 et
503 2003 581 2066 ficut
595 2001 628 2064 in
651 2002 758 2068 colore
778 2002 897 2066 dicitur
917 2001 1116 2080 narrationis,
1131 2024 1205 2068 eum
1222 2003 1283 2070 effe

247 2087 421 2174 optimum,
438 2109 533 2174 quern
560 2087 649 2152 atior
671 2109 693 2152 o
714 2087 793 2151 time
818 2099 968 2165 tueatur;
1001 2086 1048 2150 ita
1073 2085 1127 2151 hic
1149 2109 1282 2238 puopue

1172 2196 1191 2236 o
1242 2199 1281 2239 u-

130 2173 135 2188 ¹
248 2172 332 2258 poffe
349 2172 426 2249 dici,
440 2194 515 2236 eum
530 2173 641 2236 statum
656 2195 674 2235 e
698 2191 717 2237 e
730 2171 924 2252 faciendum,
941 2173 974 2236 in
989 2194 1055 2259 quo
1069 2185 1146 2236 tuen

247 2257 367 2321 riorum
382 2257 536 2322 adhibere
559 2258 672 2322 virium
689 2257 778 2344 poffit
792 2269 917 2322 orator:
940 2258 1079 2344 ideoque
1099 2279 1157 2345 pro
1218 2257 1279 2324 ilo·
1293 2265 1336 2337 93

248 2364 303 2422 ne,
316 2341 405 2407 aliud
420 2343 568 2407 Ciceroni
583 2343 692 2430 agenti
714 2343 845 2430 placuit,
861 2342 948 2408 atiud
962 2345 1075 2421 Bruto,
1092 2366 1168 2408 oum
1188 2366 1281 2428 exer·

246 2427 411 2509 citationis
425 2429 528 2525 gratia
542 2444 748 2514 componeret
762 2428 936 2494 orationem
949 2455 959 2510 3
981 2454 1045 2492 cum
1060 2429 1113 2491 ille
1116 2432 1192 2517 jure
1205 2441 1283 2496 tam-

269 2539 339 2577 uom
353 2514 550 2600 irfidtatorem
566 2515 696 2664 occipiens,
712 2525 866 2578 ettamen
893 2537 957 2580 non
979 2514 1115 2578 Milonis
1136 2516 1278 2597 confilio,

247 2539 363 2664 dixerit
376 2625 386 2679 ;
412 2599 458 2663 bic
481 2599 569 2663 etiam
589 2624 614 2686 g·
644 2601 740 2663 riatus
756 2599 802 2685 sit
825 2600 910 2688 σαψ)
933 2601 1010 2664 malo
1036 2601 1123 2664 rivet
1145 2599 1178 2664 in
1203 2621 1281 2666 con·
1292 2610 1335 2680 94

240 2683 365 2773 junctis
380 2699 456 2749 vero
457 2687 553 2834 ‹poffe
568 2685 648 2750 duos
665 2685 715 2750 vel
731 2699 795 2749 tres
810 2685 956 2762 invenrri,
973 2685 1022 2750 vel
1037 2685 1192 2750 diversosr
1214 2700 1278 2753 utn

248 2771 269 2834 sr
295 2771 366 2858 quis
391 2769 454 2836 aliu
494 2771 524 2834 se
547 2794 611 2834 non
633 2769 748 2855 feciffe,
763 2769 851 2836 aliud
870 2773 956 2838 redte
978 2770 1082 2837 fecisse
1102 2771 1278 2854 defendat3

247 2856 297 2920 vel
311 2857 436 2945 generis
452 2855 604 2944 ejusdem,
619 2870 656 2920 ut
671 2857 691 2920 fi
707 2857 779 2944 quis
794 2856 860 2920 duo
873 2857 1007 2923 crimina
1025 2857 1077 2922 vel
1098 2859 1206 2922 omnia
1220 2881 1278 2922 ne-

245 2955 315 3028 get.
360 2941 459 3008 Quod
473 2941 628 3019 accidit‚⁰
649 2943 745 3006 etiam
765 2943 785 3020 fi
807 2941 847 3006 de
863 2965 973 3006 unare
988 2959 1148 3029 quaeratur
1161 2943 1278 3030 aliqua,
1292 2951 1332 3030 95

246 3027 300 3091 sed
314 3049 384 3092 earn
399 3027 506 3114 plures
519 3039 640 3113 petant,
652 3025 703 3092 vel
717 3027 830 3092 eodem
839 3026 926 3125 jure,
941 3039 979 3100 ut
992 3027 1214 3112 proximitatis,
1228 3029 1280 3096 vel

247 3111 380 3192 diverso,
396 3125 434 3178 ut
448 3135 524 3176 curn
546 3112 600 3176 hic
625 3114 822 3192 testamento,
838 3113 893 3176 ille
917 3113 1121 3199 proximitate
1147 3113 1277 3180 nitatur.

247 3199 385 3264 Quoties
399 3212 506 3261 autern
522 3197 609 3262 aliud
624 3196 677 3262 alii
693 3197 820 3284 petitori
838 3197 1021 3283 opponitur,
1036 3197 1198 3264 dissimiles
1219 3199 1280 3265 effe

246 3283 342 3347 status
356 3283 475 3348 neceffe
490 3282 544 3361 est,
560 3297 596 3346 ut
612 3283 643 3345 in
659 3283 714 3348 illa
732 3283 950 3346 controversia.
995 3281 1175 3368 Testamenta
1200 3283 1278 3372 legi·
1291 3277 1336 3363 96

246 3369 299 3433 bus
310 3369 405 3456 fodio
429 3383 498 3432 rota
511 3369 593 3454 stret:
634 3367 835 3454 Intssatorum
857 3381 1013 3456 parentum
1036 3368 1123 3432 liberi
1148 3370 1280 3454 haeredes

235 3455 313 3540 stru.
359 3455 523 3519 Abdicatus
550 3479 586 3518 ne
608 3455 683 3541 quid
708 3455 744 3516 de
770 3455 851 3518 bonis
871 3455 970 3541 patris
994 3479 1027 3518 co
1048 3454 1104 3519 iat.
1148 3455 1284 3537 Nothmp

245 3553 315 3604 onte
330 3539 492 3627 legitimum
507 3553 607 3618 natus,
624 3537 773 3624 legitimus
780 3539 947 3627 filiussit:
966 3468 1069 3628 possle
1092 3541 1204 3604 itimum
1219 3565 1277 3606 na-

160 3641 162 3647 ’
246 3639 304 3706 tus,
320 3639 435 3690 tontum
450 3625 534 3689 civis.
580 3627 619 3688 In
633 3625 815 3711 adoptionem
830 3625 1016 3690 dereliceat.
1061 3565 1121 3690 iit?
1142 3627 1276 3713 adoptio-

243 3737 310 3776 nem
324 3713 394 3776 doto
409 3711 548 3774 redirem
559 3709 720 3796 familiam
734 3709 873 3798 liceat,st
884 3712 973 3802 paler
988 3710 1138 3776 naturalis
1151 3712 1221 3797 fine
1235 3711 1275 3775 li-

278 3929 717 3994 ¹comparativos-habereGdens,
782 3935 802 3962 ’Δ
821 3931 847 3979 in
859 3931 889 3979 G.
962 3941 976 3970 n
992 3929 1030 3978 vel
1042 3930 1072 3978 G.
1147 3929 1275 3993 ⁰accidit,

245 3997 337 4047 etiamfi
348 3997 380 4043 al.
444 4003 456 4037 Ρ
472 3995 602 4044 iri-liceat
613 4013 654 4044 om.
666 3997 698 4042 G.

281 4195 324 4244 93.
342 4175 416 4228 etiam
430 4175 551 4244 gloriatus
560 4173 607 4242 fit]
627 4175 734 4228 Tradat
784 4193 807 4225 c.
836 4191 878 4235 27.
905 4173 951 4224 Sed
968 4185 1054 4223 utrum
1076 4173 1101 4224 in
1117 4173 1169 4242 ipsa
1181 4165 1275 4228 ae'iionc

244 4250 347 4301 eundem
358 4245 440 4299 locum
450 4258 531 4310 tamen
542 4249 618 4300 etiam
630 4245 734 4297 Tullius
784 4255 883 4295 tantum
895 4243 967 4295 autiss
980 4243 1016 4304 su,
1029 4243 1130 4295 dubites
1142 4245 1239 4296 merito.
