3024 4912
423 345 597 411 INSTIT.
612 341 820 408 ORATOR.
835 345 910 410 LlB.
924 347 980 408 111.
996 349 1026 408 6.
1190 365 1251 434 πῃ

152 513 194 582 61
209 503 434 596 coutrariarum.
478 510 634 578 Albutius
667 511 782 576 eadem
817 511 969 576 divifione
997 507 1080 592 usus,
1109 510 1251 580 detrabit

208 595 457 676 translationem,
486 597 659 683 subjiciens
691 619 764 662 eam
792 595 977 682 juridiciali.
1024 597 1062 660 ln
1091 596 1250 684 legalibus

209 703 339 780 quoque
353 683 581 770 quaetlionibus
596 683 723 748 nullum
744 695 838 770 putat
851 683 924 762 esse,
940 681 997 768 qui
1016 682 1141 748 dicatur
1156 685 1250 750 ratio.

210 780 361 832 cunatzuus
373 781 398 832 t.
444 769 520 833 Scio
540 769 631 855 plura
650 769 838 833 inventuros
853 768 971 846 adhuc,
986 769 1043 853 qui
1064 767 1172 855 legere
1194 793 1253 834 an·
1355 846 1357 850 .

163 926 166 932 .
209 852 320 938 tiquos
345 854 508 920 studiosius
528 853 658 918 volent:
686 854 739 918 sed
762 877 804 918 ne
825 853 896 919 haec
917 875 1046 940 quoque
1067 854 1254 922 excesserint

156 938 358 1018 62m'odum,
385 961 506 1004 vereor.
554 942 624 1026 Ipse
647 963 700 1004 me
715 939 866 1088 paullum
892 939 925 1002 in
950 939 1022 1017 alia,
1046 962 1142 1088 <pram
1165 941 1254 1026 prius

208 1023 390 1105 habuerim,
413 1026 565 1114 opinione
587 1048 674 1090 nunc
696 1048 714 1089 e
738 1027 757 1088 'e
779 1026 945 1089 confiteor.
990 1025 1032 1088 Et
1066 1025 1177 1090 ortasse
1198 1041 1254 1092 tu·

210 1109 362 1182 tissimum
386 1126 454 1176 erat
472 1111 567 1175 famae
588 1112 688 1175 modo
707 1110 842 1174 studenti
854 1110 878 1188 s,
894 1109 977 1174 nihil
999 1131 1039 1176 ex
1060 1133 1100 1174 eo
1116 1124 1252 1192 mutare,

210 1194 300 1282 quod
322 1197 434 1261 multis
456 1197 547 1260 annis
570 1220 632 1260 non
650 1196 799 1261 sensissem
815 1196 927 1274 mode,
943 1217 1052 1260 verum
1075 1197 1172 1260 etiam
1196 1220 1252 1283 ap·
1270 1209 1272 1218 ¹

156 1281 197 1371 63
212 1281 387 1429 probassem
397 1299 423 1347 s.
469 1283 533 1430 Sep
549 1306 614 1384 non
629 1282 762 1346 sustineo
777 1281 998 1431 esspicppffius
1013 1281 1254 1379 mihidiffimu.
1334 1356 1336 1360 .

245 1380 270 1428 tr
324 1389 334 1428 r
804 1390 824 1430 0
942 1389 1076 1430 onorum
1136 1390 1195 1430 ven

212 1388 357 1538 aliquid
367 1382 844 1532 {inillislllslli'ulffn
859 1389 928 1518 ina
941 1465 1029 1538 parte
1045 1390 1161 1538 juliis
1176 1391 1253 1520 ..lli

211 1537 301 1602 Nam
323 1551 357 1602 et
383 1539 595 1624 Hippocrates
618 1475 721 1602 clulius
741 1551 809 1602 arte
831 1537 1013 1617 medicinae,
1039 1537 1166 1608 videtur
1191 1539 1254 1602 ho,

213 1622 379 1686 nestissime
392 1623 508 1702 secisse,
523 1625 581 1710 qui
603 1623 755 1710 quosdam
776 1645 897 1688 errores
919 1625 1003 1704 suos,
1019 1646 1059 1688 ne
1074 1623 1253 1722 posterius

213 1721 332 1788 retent,
355 1708 510 1774 consessus
536 1711 590 1774 est.
634 1712 677 1773 Et
701 1711 752 1774 M.
774 1709 905 1774 Tullius
927 1731 991 1772 non
1014 1709 1174 1776 dubitavit
1192 1709 1253 1773 ali·

213 1800 315 1876 quosi
331 1791 399 1878 jam
423 1795 526 1858 editos
547 1795 647 1859 libros
669 1795 738 1858 aliis
756 1795 863 1881 postea
877 1794 999 1880 scriptis
1014 1795 1078 1882 ipse
1092 1794 1253 1874 damnare,

214 1877 293 1942 ficut
314 1879 469 1944 Catulum
490 1894 586 1968 atque
608 1881 794 1958 Lucullum,
818 1892 852 1944 et
874 1879 935 1944 hos
959 1879 1053 1965 ipsos,
1070 1879 1111 1942 de
1135 1880 1254 1966 quibus

157 1961 203 2042 64
213 1963 312 2028 modo
334 1964 401 2028 sum
423 1966 563 2044 locutus,
579 1966 655 2030 artis
670 1965 863 2030 Rhetorica.
908 1965 1035 2028 Etenim
1062 1985 1253 2034 suranus·
1359 2045 1362 2052 Ι

216 2070 314 2114 cous
332 2051 413 2114 soret
427 2052 460 2115 in
478 2053 585 2116 studiis
601 2051 730 2140 longior
742 2051 843 2130 labor,
860 2051 880 2113 fi
904 2049 986 2114 nihil
1007 2051 1118 2115 liceret
1139 2052 1255 2116 melius

213 2135 354 2200 invenire
368 2138 562 2224 praeteritis.
594 2137 713 2224 Neque
732 2151 839 2202 tamen
856 2136 1032 2224 quidquam
1047 2159 1086 2202 ex
1101 2137 1165 2216 his,
1181 2159 1258 2224 quae

213 2232 284 2286 turn
299 2223 446 2308 praecepi‚
463 2225 691 2309 supervacuum
706 2222 789 2287 fuit:
815 2222 855 2288 ad
871 2223 994 2286 easdem
1010 2223 1096 2288 euim
1112 2223 1254 2308 particu-

210 2306 260 2370 las
285 2307 356 2372 haee
379 2332 521 2395 quoque,
544 2334 619 2396 quae
642 2331 728 2374 nunc
752 2309 947 2396 praecipiam,
967 2320 1186 2383 revertentur:
1210 2308 1257 2382 ita

214 2393 376 2456 neminem
391 2393 534 2458 didicisse
556 2394 731 2480 poeniteat:
756 2393 909 2482 colligere
930 2404 1054 2457 tanturn
1078 2395 1204 2474 eadem,
1219 2415 1256 2460 ac

215 2476 379 2562 disponere
408 2479 516 2564 paullo
546 2479 771 2565 significantius
801 2501 912 2544 conor.
957 2479 1117 2543 Omnibus
1145 2493 1254 2543 autem

217 2562 411 2626 satisfactum
439 2564 524 2642 volo,
547 2587 611 2626 non
638 2587 691 2628 nre
715 2565 787 2628 haec
813 2563 910 2627 serius
937 2563 1148 2627 demonstrare
1172 2564 1254 2644 aliis,

158 2645 312 2738 651quam
329 2649 410 2712 mihi
426 2649 488 2736 ipse
503 2649 716 2734 persuaserim.
762 2649 949 2718 Secundum
971 2647 1126 2734 plurimos
1144 2649 1255 2713 audio-

214 2741 265 2796 r'es
287 2735 447 2798 servabam
470 2736 553 2819 tres¹
576 2735 745 2799 rationales
768 2737 874 2812 status,
896 2736 1102 2821 comessuram,
1119 2735 1254 2822 quasita-
1306 2802 1308 2810 ,

197 2829 285 2896 1ίεηι,
297 2818 481 2903 finitionem,
497 2842 598 2882 unum
621 2820 758 2906 legalem.
803 2820 850 2883 Hi
872 2819 953 2882 mihi
975 2820 1070 2882 slatus
1091 2821 1256 2906 generales

212 2916 316 2971 erant.
360 2904 513 2990 Legalenr
538 2905 571 2967 in
598 2907 741 2992 quinque
766 2904 885 2991 species
908 2903 1077 2990 partiebar,
1086 2905 1200 3055 peripti
1225 2918 1255 2971 ut

213 2988 390 3070 voluntatis,
420 2987 519 3076 legum
553 2990 780 3071 contrariarum,
812 2989 1006 3070 colludium,
1035 3014 1083 3053 am
1104 2991 1254 3077 ignitatis,

246 3183 258 3210 0
274 3176 431 3224 rationativus
441 3178 473 3225 G.
545 3173 556 3206 f
572 3178 707 3224 studentem
719 3177 749 3225 G.
761 3178 824 3226 Jent.
902 3185 912 3215 Ι
932 3177 1065 3242 probassem
1077 3177 1107 3224 G.
1184 3174 1195 3211 ἢ
1214 3172 1255 3230 Sic

215 3241 246 3287 G.
263 3241 418 3290 dissimulanti
425 3242 540 3309 pleraque
551 3242 613 3288 editt.
626 3243 684 3306 quod
691 3259 732 3290 nm
743 3241 905 3292 damnaverim.
987 3241 994 3275 ῑ
1013 3242 1106 3306 aliquos
1119 3241 1171 3290 suos
1182 3241 1254 3290 libros

208 3304 265 3366 Jam
276 3307 351 3358 editos
363 3309 394 3354 G.
405 3308 469 3374 lens.
534 3305 540 3337 ¹
560 3309 601 3355 tris
611 3307 675 3356 lens·
1090 3311 1092 3320 ’

251 3469 295 3532 63·
314 3467 484 3538 Hippocrates]
503 3469 605 3521 Nobilis
621 3471 654 3522 esl
667 3469 710 3524 illa
725 3505 727 3510 ·
759 3487 779 3517 r
790 3472 885 3521 tullium·
907 3470 1011 3528 ῗιιλιψιν
1026 3468 1048 3516 li
1063 3485 1096 3530 μυ
1112 3467 1151 3518 uin
1168 3467 1254 3528 puniunt

214 3537 379 3607 Hippocratis
389 3539 540 3600 retractatio,
553 3539 624 3592 Celso
635 3541 709 3592 ctiam
759 3555 782 3582 a.
801 3537 870 3600 ῥαφαὶ
889 3535 970 3596 insuar
988 3535 1006 3582 b
1024 3538 1094 3596 epten
1114 3533 1203 3584 saveias
1226 3534 1255 3580 ei

215 3606 316 3658 laudata
338 3611 363 3666 8,
384 3627 411 3670 4,
435 3609 481 3660 ubi
504 3608 589 3676 magni
610 3608 711 3662 hominis
757 3599 832 3656 ,osum
845 3601 941 3652 elusus.

212 3676 277 3728 bunc
288 3694 378 3728 morem
387 3675 552 3748 fiduciamque
563 3696 710 3746 magnarum
796 3684 840 3746 ⁶3·
872 3679 999 3733 Catulum
1014 3689 1086 3749 atquc
1111 3677 1252 3744 Lucullum]

213 3763 298 3798 rurum
310 3745 420 3802 habentis
432 3759 520 3812 notat;
540 3765 615 3818 quem
626 3749 709 3800 locum
759 3751 817 3816 Jam
839 3749 880 3802 hic
900 3750 1033 3802 laudarunt
1054 3751 1198 3816 interpretes
1216 3749 1255 3817 ip-

213 3818 419 3868 eommentatione
436 3818 555 3887 peculiari
573 3819 604 3869 de
621 3820 710 3870 erroris
759 3819 813 3871 sirm
825 3821 882 3872 Cic.
896 3821 927 3872 ad
939 3821 1000 3872 An.
1016 3836 1059 3883 13,
1072 3837 1115 3870 12.
1133 3819 1163 3868 it.
1180 3835 1210 3881 ¹3
1230 3827 1256 3870 et

212 3885 359 3938 eonseffione
370 3887 492 3956 elegantia
503 3887 551 3939 viri
563 3887 641 3956 digna
652 3905 709 3958 pro-
762 3893 793 3942 16
813 3901 837 3941 et
857 3909 897 3957 ¹9·
919 3889 1044 3956 exstatque
1065 3887 1138 3939 hodie
1158 3887 1254 3938 Lucus·

216 3955 313 4006 secutus
342 3956 375 4008 est
405 3957 428 4008 1.
461 3959 497 4008 H.
527 3958 709 4027 Kromayerus.
759 3959 809 4019 lus,
829 3958 856 4012 h.
876 3977 899 4010 e.
919 3958 1131 4010 Academicorum
1152 3957 1255 4024 (primae

217 4025 300 4075 Verba
315 4027 477 4096 Hippocratis
493 4027 612 4096 Epidem.
627 4045 652 4092 ς,
668 4043 710 4090 14,
759 4029 889 4096 editionis)
913 4027 976 4080 liber
998 4027 1136 4090 seeundus;
1166 4043 1255 4094 quem·

217 4090 273 4143 sunt
296 4093 349 4154 ista,
372 4114 430 4147 eum
452 4096 567 4148 narrasset
592 4097 711 4148 Autono-
760 4099 894 4150 admodum
911 4100 943 4148 de
960 4099 1071 4167 repetitae
1091 4095 1254 4166 praeleslionis

214 4165 291 4212 anum'
304 4167 436 4231 quemdam
456 4185 486 4217 ex
503 4167 603 4218 vulnere
621 4167 711 4234 capitis
760 4185 833 4237 opere
843 4167 908 4220 liber
924 4167 1020 4238 primus
1037 4184 1087 4222 non
1104 4169 1199 4236 integer
1209 4166 1256 4220 lto·

215 4242 343 4282 mortuum
351 4254 361 4296 ,ς
380 4235 437 4300 Tiro
453 4235 571 4303 rugilubi
581 4255 610 4300 pt
621 4233 712 4298 desuem
760 4237 801 4292 die
812 4238 914 4310 legitur.

264 4319 352 4366 vot..
372 4321 399 4368 1.
756 4327 782 4372 N
