2938 4910
407 379 575 452 INSTt-T.
592 347 805 450 ΌΙΙΑΤΟΚ.
827 387 911 448 LIB.
929 385 1007 450 VH:-
1022 405 1050 450 a,
1096 473 1098 477 Α
1170 405 1231 472 409

202 561 285 620 trem.
329 555 398 620 Ubi
412 553 767 633 rursui'ratiucinamur,
779 553 835 616 Aa
855 553 997 638 rusticus¹
1020 551 1165 638 restitutor
1179 577 1231 618 ac-

158 691 160 702 i
202 641 261 730 cipi
275 641 378 704 debeat
388 655 442 729 p'ro
457 641 612 718 adarocato,
628 639 745 727 quando
761 639 796 701 id
806 638 991 724 praestiterit,
1007 640 1085 724 qaod
1099 641 1233 704 advoca-

203 739 251 788 tas
264 728 370 812 petiit3
393 751 444 790 nec
467 726 628 811 improbam
641 725 688 810 sit
708 738 763 810 pra
774 723 873 810 finili
896 723 1000 810 accipi,
1016 725 1235 812 quadplasest.

148 807 191 876 62
204 810 339 899 Reliqua
364 811 433 898 jam
461 809 621 897 aequitatis
634 810 645 847 ¹'
671 810 786 887 summ,
812 810 910 872 utrius
943 808 1038 894 'ostias
1053 810 1099 894 fit
1123 811 1236 896 defide-

203 896 310 960 rium?
331 896 368 960 Id
383 897 484 982 ipsum
499 895 603 958 adhuc
618 893 784 973 dividitur,
800 894 889 956 etiam
901 833 1134 1040 filaterpuestbi
1148 907 1239 960 totum

200 982 400 1045 vindicaret?
422 1005 499 1044 rrunc
512 980 625 1066 atique,
643 1001 706 1042 cam
722 979 799 1042 alter
814 979 971 1066 semzffim,
988 1005 1006 1040 a
1022 991 1064 1044 ter
1083 981 1236 1066 universa,

191 1066 300 1152 fratre
314 1067 457 1154 excluso?
478 1065 553 1144 Sed,
570 1065 620 1128 his
636 1064 791 1142 tractatis,
807 1064 904 1127 etiam
920 1065 1075 1150 magnum
1090 1078 1238 1130 momen-

203 1149 273 1215 tum
299 1151 398 1215 habet
422 1150 507 1236 apud
524 1149 652 1238 judices
676 1151 772 1234 patris
795 1148 959 1226 memoria,
975 1171 1050 1212 cum
1087 1149 1243 1235 raesertim¹

184 1228 187 1244 ⁴
202 1235 244 1300 de
259 1237 352 1300 bonis
367 1235 436 1319 ejus
450 1247 620 1320 quaeratur.
665 1235 735 1298 Erit
751 1255 829 1321 ergo
843 1233 1036 1320 conjectura,
1055 1173 1125 1319 §aa
1146 1251 1242 1300 mente

202 1334 290 1410 pater
304 1309 453 1407 intestatus
468 1321 647 1405 dccefferit?
679 1319 741 1384 Sed
763 1341 802 1383 ea
815 1319 956 1404 pertinet
976 1319 1017 1381 ad
1038 1320 1238 1404 qualitatem,

148 1404 190 1489 63
203 1404 300 1492 cluen
317 1405 446 1470 alterius
462 1405 555 1468 status'
570 1405 809 1469 instrumentum
826 1406 879 1467 est.
925 1403 1116 1490 Plerumque
1130 1421 1241 1486 autem

155 1555 157 1562 ,
204 1491 239 1554 in
255 1492 318 1554 fine
334 1490 506 1555 caussarum
523 1491 559 1552 de
572 1489 714 1576 aequitate
728 1489 926 1567 tratiabitun
941 1489 1016 1574 quia
1030 1491 1113 1553 nihil
1134 1491 1240 1556 liben-

205 1575 272 1640 tius
291 1575 418 1662 judices
443 1575 589 1640 audiunt.
633 1575 817 1659 Aliquando
843 1587 949 1638 tamen
976 1574 1065 1639 hunc
1094 1575 1242 1642 ordinem
1280 1583 1282 1588 ’

205 1661 346 1725 mutabit
360 1659 502 1723 utilitas:
529 1661 613 1739 utpsr
629 1660 663 1722 in
681 1659 754 1746 jure
780 1659 886 1723 minus
907 1659 1033 1723 fiduciae
1049 1661 1121 1739 erit,
1137 1663 1240 1747 aequi-

206 1757 272 1809 tate
284 1745 429 1832 judicem
445 1767 669 1832 praeparemue
713 1743 809 1809 Nihil
824 1745 922 1808 habui
943 1745 1091 1831 amplius,
1106 1747 1193 1830 quod
1208 1747 1242 1814 iu
1327 1749 1329 1754 ’

125 1859 130 1869 ’
150 1829 385 1908 64uuiversum
401 1831 618 1917 praeciperem.
637 1863 640 1870 ·
661 1832 762 1894 Nunc
773 1851 883 1894 eamus
897 1853 953 1914 per
971 1830 1107 1916 fingulas
1121 1831 1241 1896 caussa-

207 1937 278 1979 rum
294 1915 498 2002 judicialium
513 1928 629 2000 panea,
644 1937 724 2001 quas
738 1929 775 1978 ut
789 1914 931 2001 persequi
945 1915 993 1978 ad·
1006 1917 1153 1979 ultimam
1169 1915 1241 2004 spe-

207 2001 302 2080 ciem,
326 2001 360 2064 id
384 2003 439 2079 est,
455 2000 495 2064 ad
519 2000 658 2087 fingulas
679 2000 753 2064 lites
776 1999 1058 2085 controversiasque
1081 2023 1145 2064 non
1169 2004 1243 2088 pos.

206 2085 296 2150 sum:
320 2085 365 2149 ita
379 2085 441 2150 de⁰
465 2086 671 2172 generalibus
686 2085 821 2149 scribere
836 2085 925 2164 licet,
941 2098 990 2162 ut,
1007 2109 1080 2172 quae
1097 2087 1245 2172 inquam

207 2175 322 2236 statum
345 2171 594 2258 frequentissime
615 2170 769 2249 incidant,
784 2171 919 2234 tradam.
963 2172 1018 2250 Et,
1034 2171 1110 2258 quia
1131 2186 1246 2239 natura

207 2257 311 2341 prima
324 2257 456 2342 quaestio
471 2257 691 2342 est‚fattumne
705 2256 757 2334 ΙΙ,
768 2257 808 2320 ab
824 2256 885 2318 hae
900 2255 1015 2320 ordiar.
1196 2316 1198 2322 ,

252 2343 297 2402 ΙΙ.
324 2341 415 2424 (ΙΙΙ.)
447 2341 639 2428 Οοῐῄεᾶιπει
654 2341 759 2403 omnis
773 2352 829 2404 aut
845 2343 881 2402 de
896 2366 939 2417 re,
956 2341 1063 2405 auide
1077 2342 1174 2414 animo
1188 2344 1244 2409 est.
1293 2371 1295 2378 r

208 2423 386 2512 Utriusque
401 2425 463 2487 tria
476 2437 632 2510 tempora,
646 2427 839 2511 praeteritum,
851 2425 1157 2511 praferrasutarum.
1196 2430 1246 2492 De

209 2532 243 2570 re
264 2523 297 2574 et
320 2509 485 2596 generales
509 2511 695 2596 (quaestiones
717 2510 799 2588 sunt,
814 2523 847 2572 et
870 2509 1023 2588 definitae,
1046 2509 1078 2571 id
1104 2512 1158 2590 est,
1184 2526 1246 2576 et?

178 2612 283 2680 aquae
311 2615 375 2658 non
405 2594 679 2672 continentur,ret
708 2617 782 2680 quae
811 2595 1028 2657 continentur.
1073 2597 1122 2659 Da
1150 2591 1247 2662 ariimo

217 2679 311 2743 'uaeri
327 2687 415 2743 non‘¹
431 2682 543 2765 potest,
557 2679 611 2741 nin
629 2679 684 2742 ubi
700 2679 830 2765 persona
844 2681 898 2756 est,
914 2692 947 2742 et
961 2677 1002 2741 de
1016 2679 1100 2744 satio
1115 2685 1246 2749 constat.

210 2701 310 2850 irgm
327 2787 402 2828 cum
428 2766 464 2831 de
486 2789 517 2826 re
542 2764 659 2850 agitur,
676 2777 744 2842 aut,
760 2765 835 2852 quid
844 2764 969 2849 factam
991 2763 1088 2846 srtsm
1111 2766 1248 2834 dubium

210 2849 311 2935 venit,
326 2864 394 2927 aut,
410 2849 554 2935 quidfiat
566 2868 587 2927 ¹,
604 2864 671 2927 aut,
688 2849 831 2936 qaid⁸stt
844 2849 1013 2934 futurum:
1033 2847 1074 2912 *ut
1096 2849 1129 2915 in
1145 2875 1246 2938 gene.

211 2933 344 3011 talibuS,
370 2935 423 2997 An
448 2948 606 2997 atomorum
630 2935 768 3080 concrepa
791 2935 918 2998 mundas
944 2934 999 2996 srtt
1024 2933 1175 3020 militiae?
1206 2963 1248 3003 an

182 3041 187 3050 ·
207 3021 402 3106 providentia
417 3023 569 3105 regatur?
592 3019 681 3103 ausit
697 3045 715 3082 a
730 3020 859 3105 iquaada
874 3021 1025 3104 injurus?
1046 3021 1079 3082 in
1095 3021 1248 3106 definitis,
1321 3087 1323 3094 ,

212 3104 265 3168 An
292 3105 488 3190 parricidium
517 3105 685 3190 commiserit
714 3103 865 3192 Roscius?
899 3105 952 3166 An
980 3127 1104 3192 regnum
1133 3109 1251 3197 (effectu

178 3211 199 3275 3
212 3189 356 3262 ¹Manlius
369 3193 387 3252 ,9
409 3189 465 3255 Aa
479 3198 555 3253 recte
574 3190 691 3253 Verrem
694 3189 741 3274 stt
756 3190 945 3274 accusaturus
962 3190 999 3253 Q.
1020 3192 1188 3258 Caecilius?
1211 3199 1249 3260 In

206 3273 340 3360 judiciis
359 3275 546 3362 praeteritura
560 3286 669 3371 tempus
684 3274 823 3354 maxime
838 3274 942 3338 valet:
966 3297 1062 3340 nemo
1083 3279 1169 3342 enim
1194 3283 1250 3348 ac.

213 3361 312 3437 cusat,
329 3361 384 3422 nisr
407 3383 481 3446 quae
504 3359 587 3424 fana
608 3365 691 3423 sunt.
735 3361 836 3436 Nam,
852 3372 886 3423 et
908 3383 981 3444 quae
1008 3361 1098 3442 siant,
1118 3377 1152 3426 et
1200 3391 1251 3434 uae

96 3451 98 3459 ⁴
127 3515 128 3521 ἵ
149 3449 151 3454 ’
214 3442 322 3508 sutura
337 3446 406 3524 fint,
423 3467 462 3512 ex
477 3445 644 3530 praeteritis
659 3443 868 3530 colliguntur.
914 3446 1080 3509 Quaeritur
1101 3461 1145 3526 et,
1167 3389 1252 3516 [inde

214 3527 290 3614 quid
302 3542 396 3592 artum
413 3533 431 3592 ?
453 3542 490 3596 ut
507 3529 682 3617 pestilentia,
697 3529 746 3592 ira
761 3530 859 3608 deum,
875 3553 916 3592 an
937 3531 1104 3617 intemperie
1118 3530 1253 3614 coelica

190 3666 193 3672 .
215 3614 360 3700 corruptis
374 3615 474 3702 aquis,
491 3640 532 3678 an
545 3616 629 3679 noxia
645 3629 734 3679 tarra
749 3613 877 3676 hatita?
910 3616 965 3693 Et,
979 3639 1047 3700 qaae
1061 3619 1161 3702 careffa
1178 3618 1251 3704 fac.

152 3705 158 3710 ’
215 3699 270 3761 ti?
292 3713 341 3778 ut,
360 3699 459 3762 Quare
474 3701 517 3761 ad
531 3701 650 3788 Trrp'anr
665 3699 888 3788 quinquaginta
901 3723 983 3785 reges
998 3700 1217 3786 navigaverint
1228 3719 1252 3786 ¹¹,

204 3784 278 3870 jure
294 3785 424 3870 jurando
440 3785 552 3863 adacti,
571 3811 611 3848 aa
626 3783 754 3870 exempla
769 3784 837 3846 mati
847 3794 872 3860 Ι,
890 3786 1028 3868 engrati
1052 3799 1150 3849 cantes
1164 3791 1258 3861 Arria

182 3859 295 3964 4dis?
316 3892 390 3956 quae
413 3869 478 3934 duo
499 3891 618 3957 genera
641 3891 705 3934 non
728 3867 869 3932 multum
891 3866 976 3933 inter
989 3867 1020 3932 se
1040 3869 1165 3938 distant.
1179 3951 1181 3960 y
1195 3875 1257 3945 “Ea

250 4053 391 4120 *amiens
457 4069 583 4132 ¹aequatis
595 4073 626 4122 G.
692 4078 710 4102 ¹¹¹
731 4056 880 4119 aierent.
947 4073 1072 4120 narraiid.
1083 4081 1105 4120 et
1111 4073 1174 4134 plur.
1191 4075 1257 4125 Forte
1308 4055 1313 4062 i

217 4134 565 4197 Ieg.etalt.sl.inslrum.est.
631 4136 760 4186 rintia
804 4141 872 4184 Pom.
885 4137 916 4184 G.
983 4137 1126 4186 tondens.
1199 4141 1258 4190 ‘sit

218 4200 365 4312 ptis—itera.
436 4213 458 4310 ὃ
469 4203 585 4250 ondens.
669 4201 724 4248 tsu
735 4199 832 4250 effamur
843 4218 884 4251 cm.
896 4201 926 4250 G.
1009 4205 1213 4263 unavigaverunt
1225 4205 1256 4258 G.

235 4277 283 4312 en.
381 4281 468 4312 om..
