2938 4910
424 419 588 486 msrrr.
612 421 815 530 orm-ron.
833 422 916 486 ma.
936 421 991 486 vt.
1010 423 1051 498 3:
1171 428 1230 503 3⁶3

208 581 306 654 multi
328 586 476 670 dicaam
499 587 563 669 sed,
579 588 656 676 quia
674 587 708 653 in
731 587 795 652 hoc
814 584 1082 674 usuiquotidiano
1101 585 1231 672 profici·

209 694 295 752 mus,
317 675 453 740 oratoria
475 675 637 740 urbanitas
659 695 738 753 rara,
765 694 825 738 neo
848 695 888 736 ex
911 683 1002 736 arte¹
1027 693 1083 758 pro
1106 673 1162 752 ria,
1177 673 1232 738 sed

157 768 197 836 15
210 758 251 822 ad
280 759 363 823 hanc
390 759 650 824 consuetudinem
678 757 918 822 accommodata
932 769 958 822 t.
1001 693 1105 822 Nihil
1122 769 1232 824 autem

210 844 360 910 vetabat²
382 857 416 909 et
429 845 576 930 componi
591 843 737 908 materias
750 843 783 906 in
804 843 866 910 hoc
887 841 1027 921 idoneas,
1042 854 1080 908 ut
1101 857 1233 908 contro·

210 928 315 992 verfiae
328 930 491 1014 permixtis
505 930 621 994 salibus
640 929 854 1016 fingerentur:
878 927 928 992 vel
949 949 998 992 res
1019 927 1151 1013 proponi
1170 929 1232 992 fin-

158 1010 199 1073 16
210 1013 303 1099 gulas
316 1014 356 1078 ad
373 1013 531 1102 juvenum
541 1015 638 1080 talem
653 1014 925 1088 exercitationem.
969 1013 1060 1078 Quin
1081 1011 1145 1078 illae
1160 1011 1232 1100 ipsae

205 1120 283 1183 „qua
301 1099 395 1164 Dicta
409 1099 492 1179 sunt,
507 1123 544 1164 ac
558 1097 813 1184 vocantur,‘quas
836 1096 930 1162 certis
952 1096 1066 1162 diebus
1085 1096 1168 1162 festae
1189 1097 1231 1162 li-

206 1183 326 1249 centiae
350 1185 456 1249 dicere
479 1185 669 1263 solebamus,
695 1183 740 1248 fia
805 1183 907 1248 ullum
936 1178 1080 1246 adhibita
1107 1182 1232 1248 ratione
1292 1225 1299 1242 .

210 1267 417 1356 fingerentur,
433 1284 489 1334 aut
501 1270 623 1358 aliquid
636 1271 670 1332 in
691 1269 742 1334 hia
777 1268 903 1335 triumb
946 1289 1053 1353 uoque
1075 1267 1150 1332 effet
1171 1269 1232 1333 ad-

207 1353 361 1434 mixtum,
378 1355 551 1440 plurimum
562 1365 733 1503 poterantc
746 1352 893 1418 utilitatis
908 1291 1035 1418 aleno:
1058 1375 1130 1438 quae
1146 1373 1233 1422 nuno

204 1436 375 1524 juvenum,
393 1439 444 1503 vel
458 1439 513 1504 fibi
527 1439 561 1504 lu
583 1437 705 1504 entium
721 1437 906 1502 exercitatio
920 1439 973 1502 est.
1009 1437 1153 1502 Pluribus
1171 1460 1231 1504 au-

211 1534 278 1586 tern
294 1519 478 1588 nominibus
493 1524 524 1588 in
540 1524 652 1593 cadem
665 1547 700 1588 re
715 1524 767 1588 vul
794 1545 814 1586 o
827 1521 969 1590 utimurz
992 1544 1064 1608 quae
1082 1535 1189 1586 tamen
1211 1523 1233 1588 ti

159 1619 196 1686 17
212 1605 385 1686 deducasd,
400 1609 485 1673 suam
500 1609 654 1696 propriam
670 1546 841 1696 quamiam
857 1607 921 1670 vim
935 1605 1109 1671 ostendent.
1145 1608 1234 1674 Nam

211 1703 246 1756 et
259 1691 416 1756 urbanitas
429 1691 567 1759 dicitur:
591 1717 654 1782 qua
668 1693 798 1781 quidem
814 1691 979 1779 significati
998 1691 1091 1758 video
1112 1694 1231 1758 sermo.

213 1798 287 1843 nem
303 1799 368 1862 pra
381 1779 434 1844 le‘
459 1778 612 1844 ferentem
635 1779 669 1843 in
691 1779 796 1843 verbis
809 1790 843 1842 et
856 1777 932 1842 sono
945 1789 979 1842 et
991 1778 1051 1842 usu
1068 1777 1233 1863 proprium

103 1865 108 1872 ¹
234 1862 382 1928 uemdam
407 1865 556 1950 gustums
582 1864 692 1943 Urbis,
718 1878 753 1930 et
773 1863 907 1927 sumtam
934 1883 974 1926 ex
998 1863 1234 1927 conversatione

288 1969 380 2012 orum
404 1950 536 2014 tacitam
557 1949 770 2030 eruditionem
782 1972 793 2026 ς
822 1947 974 2032 denique,
998 1947 1052 2014 oui
1077 1947 1235 2014 contraria

159 2025 198 2097 18
212 2029 248 2098 fit
260 2031 417 2118 rusticitas.
464 2032 617 2122 Vermstanr
631 2032 804 2183 elle,apuod
818 2055 892 2098 cum
907 2031 1009 2118 gmtia
1023 2031 1160 2130 quadam
1175 2045 1234 2098 ett
1259 2094 1263 2105 Χ

211 2137 326 2183 venere
340 2119 476 2198 dicatur,
490 2134 629 2206 apparet.
675 2120 698 2184 S
720 2122 791 2208 sun
811 2117 844 2181 in
862 2117 1090 2187 contuetudme
1110 2139 1166 2203 pro
1188 2115 1232 2180 ri-

209 2200 319 2268 diculo
345 2216 471 2268 tantum
494 2205 680 2292 accipimus,
706 2216 819 2268 natura
848 2224 912 2266 non
940 2203 1052 2289 utique
1079 2202 1141 2266 hoc
1168 2203 1230 2268 elit

210 2308 404 2374 quamquam
428 2301 462 2354 et
481 2289 616 2354 ridicula
635 2302 778 2376 oporteat
798 2287 858 2352 elle
878 2287 964 2354 salsa.
1008 2289 1095 2353 Nam
1117 2300 1150 2352 et
1173 2288 1230 2372 Ci,

210 2391 296 2449 cero,
312 2397 404 2454 arnna,
420 2376 498 2460 qaod
530 2375 624 2474 alfiani
633 2374 717 2460 ſstl,
731 2376 777 2438 ait
792 2373 1019 2458 ffAttirorum
1032 2396 1041 2451 3
1066 2395 1142 2451 non,
1158 2372 1234 2458 quia
1309 2413 1311 2417 ·

210 2455 300 2554 sunt¹
322 2459 492 2524 maximea
535 2461 640 2526 nsum,
652 2459 838 2546 compositi:
861 2469 895 2522 et
913 2456 1072 2538 Catullus,
1088 2476 1163 2522 cum
1183 2457 1234 2523 di-

211 2552 269 2619 ort,

284 2654 394 2750 ¹Nulla
407 2659 438 2722 in
452 2671 514 2724 tom
530 2683 637 2750 magno
652 2659 689 2746 est
703 2673 816 2752 corpore
830 2657 905 2723 mico
915 2657 1008 2746 solis,

211 2791 300 2858 nonk
329 2793 393 2860 hoo
416 2793 496 2858 dicit
508 2795 529 2874 ¹,
556 2795 639 2858 nihil
659 2795 694 2860 in
721 2817 851 2882 corpore
875 2796 943 2860 e‘us
967 2795 1027 2860 else
1051 2793 1232 2864 ridiculum.

163 2895 200 2963 19
215 2876 331 2962 Salsum
344 2877 445 2964 igitur
465 2879 536 2959 erit,
552 2879 639 2978 quod
653 2902 718 2944 non
731 2881 791 2944 erit
803 2893 822 2922 ¹¹¹
844 2820 1004 2958 inlirlsum,
1020 2881 1107 2944 velut
1126 2881 1232 2968 quod.

211 2959 285 3050 dam
302 2963 430 3062 simplex
443 2964 594 3029 oratloms
607 2963 862 3043 condimentum,
877 2964 966 3052 quod
979 2964 1112 3029 sentitur
1128 2965 1232 3032 laten-

210 3058 244 3112 te
260 3046 398 3135 judicto,
412 3060 471 3114 et¹¹
495 3050 583 3116 velut
600 3049 763 3136 palatum⁰
785 3051 914 3130 excitat,
928 3050 1016 3139 quod
1040 3063 1073 3114 at
1095 3071 1114 3116 a
1135 3051 1233 3118 taedio

244 3274 339 3332 *parte
352 3271 384 3319 G.
465 3271 780 3328 reommendrafflent.
864 3271 983 3322 ²vetabit
994 3271 1025 3320 G.
1121 3273 1248 3330 rtem,
1330 3281 1334 3290 ’

211 3332 225 3370 b
241 3347 325 3382 verum
336 3335 366 3383 G.
380 3350 402 3384 2.
410 3336 475 3399 sorte
486 3337 600 3386 severum.
666 3345 675 3367 ²
695 3346 786 3400 poterat
796 3337 858 3383 lens.
870 3346 979 3398 poterant
986 3337 1060 3399 plures
1071 3348 1108 3399 ap.
1120 3341 1177 3388 Bur.
1191 3355 1235 3402 pn.

210 3403 291 3444 terunt
301 3398 332 3447 al.
397 3400 408 3430 ‘¹
422 3401 521 3448 diducas
532 3419 559 3448 en
569 3419 624 3450 corr.
631 3401 717 3466 Regii:
728 3401 834 3465 nobiscum
843 3402 907 3448 iens.
972 3411 980 3429 ²
995 3402 1159 3464 praeferentem
1169 3405 1234 3454 lens.

211 3462 351 3526 presentem
362 3462 393 3510 G.
444 3463 561 3526 ‘gestum
573 3467 604 3514 G.
663 3470 724 3512 tex
736 3465 825 3512 Venere
836 3465 927 3514 ditium
938 3475 993 3527 app.
1003 3467 1066 3514 lens.
1121 3473 1189 3515 tam.
1202 3467 1233 3517 id.

210 3531 217 3555 ¹
237 3525 302 3572 Forte
312 3526 373 3574 fine.-
384 3529 481 3589 pertinet
497 3530 553 3576 enirn
564 3529 595 3575 ad
600 3529 735 3594 stntmtiam
748 3529 864 3577 Ciceronis.
929 3529 941 3560 ¹
960 3547 1001 3577 om.
1013 3531 1043 3577 G.
1054 3531 1118 3578 lens.
1135 3533 1181 3579 Sed
1185 3533 1235 3597 pos·

212 3588 270 3635 Μαι
278 3590 398 3654 sententia,
410 3593 468 3656 quod
481 3593 543 3640 vidit
554 3595 617 3642 Mar,
630 3593 646 3640 I.
658 3611 677 3640 c.
685 3594 776 3656 frustra
787 3603 919 3656 repugnante
931 3594 995 3654 Vaffia
1006 3596 1036 3640 ad
1048 3593 1132 3644 Catuli.
1139 3605 1166 3658 p.
1179 3611 1234 3656 311.

237 3655 341 3706 .Tuetur
347 3656 439 3717 paleira
450 3659 508 3706 Bur.
556 3657 640 3704 ιΙΙὶιιιί
648 3671 698 3704 non
705 3658 832 3720 praefidiunr
843 3659 910 3706 etiam
921 3658 1008 3706 invenit
1017 3660 1042 3707 in
1053 3659 1083 3706 G.
1097 3675 1119 3708 2.
1168 3667 1188 3692 ¹¹²
1201 3662 1235 3710 est

234 3749 241 3765 .
317 3727 331 3756 ¹¹
347 3737 388 3770 mr.
399 3721 432 3772 G.
511 3729 523 3753 ⁰
540 3721 620 3784 palato
630 3723 767 3786 excitatque
777 3723 809 3770 G.

187 3913 191 3922 “
210 3881 291 4022 adl&
316 3899 406 3968 ulau]
430 3899 490 3956 vid.
510 3919 567 3972 qua
585 3901 698 3970 dicemus
745 3903 816 3956 niati
836 3902 874 3956 rel
890 3903 973 3974 potius
990 3919 1039 3954 non
1056 3903 1184 3957 convenire
1194 3903 1234 3958 vi·
1251 3979 1254 3984 ¹

218 4023 222 4030 ⁵
248 3973 447 4106 riisi'deducas]
462 4041 593 4110 Originem
603 4057 698 4103 eorum,
747 3973 825 4092 deii.
845 4039 939 4106 Cicero]
959 4043 1032 4094 Orat.
1051 4057 1075 4092 c.
1090 4037 1138 4092 26:
1154 4041 1233 4112 Qir-

209 4107 397 4180 etymologiam,
410 4121 434 4161 et
451 4109 522 4162 usum
536 4111 697 4180 persequaris.
744 4110 805 4180 quid
813 4109 845 4181 est
854 4109 955 4180 salsttm,
966 4121 1012 4160 aut
1020 4107 1122 4178 salubre
1138 4110 1164 4161 in
1175 4130 1233 4166 ora.

209 4176 330 4239 Didt'tcas,
349 4178 377 4236 la,
395 4185 417 4232 eL
438 4178 541 4248 separes,
561 4179 626 4248 quod
647 4179 699 4230 Re·
746 4179 818 4240 tione,
838 4178 865 4230 id
882 4177 1008 4248 proprium
1029 4178 1161 4231 Atticorum
1182 4182 1232 4249 est.-
1252 4226 1254 4232 ,

209 4245 268 4315 gius
292 4247 387 4310 intulit,
408 4249 487 4302 nel'cio
509 4267 586 4319 quant
610 4267 696 4302 conve·
746 4248 854 4320 equibus
865 4258 947 4302 tamen
958 4263 1005 4300 nan
1019 4265 1097 4305 omncs
1104 4248 1197 4314 faceti.
1328 4251 1331 4258 ’
