2870 4916
217 375 257 443 40·
450 369 496 427 n.
517 367 642 428 man
664 333 1031 430 oulnomumu'r·
1062 359 1064 361 ’

218 554 234 594 ι
256 553 283 610 ο,
299 526 391 594 Enim
405 530 455 594 loc
467 529 574 610 voluit,
588 531 700 596 Autem
714 555 773 596 non
787 531 910 595 habuit:
933 553 973 594 ex
987 547 1052 614 quo
1072 549 1189 619 genere
1202 548 1249 596 an·
1297 517 1309 575 ’ἶ

242 626 255 676 t
275 615 380 714 igitur,
395 615 427 678 in
442 615 534 680 initio
548 617 700 680 sermonis
720 616 868 702 positum,
884 615 1022 680 dubitari
1043 617 1154 702 potest,
1169 617 1246 702 quia

218 721 374 764 maximos
400 701 543 765 auctores
568 701 599 764 in
624 701 743 766 diversa
767 699 856 766 suiffe
879 700 1028 787 opinione
1047 699 1151 780 video,
1169 721 1244 764 cum

219 783 305 884 apud
317 785 395 848 alios
410 785 446 848 fit
463 785 559 849 etiam
581 785 740 872 frequens,
755 783 841 873 apud
856 785 943 848 alios¹
955 807 1129 871 numquam
1153 787 1244 872 repe-'

220 883 330 932 riatur.
374 869 456 933 Haec
471 869 530 934 tria
547 867 665 956 genera
682 871 813 958 quidam
836 870 994 934 diducunt
1018 892 1037 933 a
1058 869 1244 951 soloecismo,
1256 875 1303 938 40

211 966 254 1020 et
275 953 444 1040 acljedliom‘s
463 953 583 1036 vitium,
604 956 791 1038 πλεονασμόν·
819 955 1017 1033 detratlionis,
1033 955 1172 1038 interdu·
1196 957 1245 1019 irr-

221 1039 372 1121 nerfiom's,
388 1037 546 1120 ἅναςροφὴν
575 1053 710 1104 vocant:
727 1063 801 1126 quae
831 1041 852 1103 sr
874 1040 1055 1126 inspeciem
1082 1039 1247 1107 soloecismi

222 1123 349 1202 cadant,
373 1123 521 1205 drs'ptarov
544 1146 672 1212 quoque
695 1123 845 1212 appellari
867 1124 979 1188 eodem
1002 1125 1100 1189 modo
1128 1125 1245 1212 posset.

222 1207 389 1273 Immutatio
403 1209 466 1273 fine
481 1210 687 1274 controversa
701 1211 754 1290 est,
767 1231 840 1274 cum
856 1209 943 1274 aliud
957 1232 1013 1295 pro
1028 1210 1091 1274 alio
1105 1211 1244 1296 ponitur.
1258 1217 1301 1280 41

221 1293 261 1356 Id
275 1315 330 1378 per
345 1313 456 1358 omnes
471 1294 621 1358 orationis
636 1306 740 1380 partes
760 1293 1042 1380 deprehendimus,
1057 1294 1246 1380 frequentis-

223 1378 298 1442 fime
316 1379 349 1442 in
365 1380 473 1458 verb0‚
489 1379 565 1464 quia
581 1379 718 1466 plurima
733 1379 809 1442 huic
824 1377 985 1457 accidunt,
1001 1379 1137 1466 ideoque
1153 1381 1184 1442 in
1208 1401 1249 1443 eo

221 1461 304 1531 fiunt
313 1464 472 1610 stloecismi
496 1486 552 1551 per
570 1487 694 1551 genera,
721 1475 861 1550 tempora,
882 1465 1031 1552 personat,
1057 1467 1164 1543 modos,
1187 1465 1248 1529 five

224 1548 277 1611 cui
291 1551 318 1634 J
326 1561 393 1611 atur
413 1571 468 1612 eos
494 1549 571 1628 dici,
591 1549 644 1613 seu
665 1549 824 1636 qualitates
838 1549 952 1636 placet,
969 1549 1019 1612 vel
1044 1550 1107 1626 sex,
1124 1549 1172 1613 vel
1198 1555 1250 1634 (ut

223 1631 278 1695 alii
292 1632 445 1716 volunta)
466 1633 563 1698 osto:
587 1656 660 1698 nam
682 1633 817 1698 totidem
840 1634 988 1698 vitiorum
1012 1649 1105 1698 erunt
1126 1633 1247 1714 formae,
1297 1705 1306 1717 κ

222 1715 256 1779 in
281 1730 359 1802 quot
380 1713 497 1804 species
522 1740 631 1782 eorum
645 1717 798 1804 quidque,
813 1719 854 1782 de
875 1718 991 1803 quibus
1012 1719 1103 1804 supra
1127 1719 1246 1784 dictum

223 1802 278 1880 est,
293 1800 445 1866 diviseris.
490 1803 644 1868 Praeterea
658 1827 800 1882 numeros,
815 1804 848 1867 in
864 1801 981 1902 quibus
996 1823 1054 1866 nos
1062 1805 1249 1890 singularem
1260 1809 1304 1872 42

223 1907 262 1950 ac
279 1885 428 1972 pluralem
448 1887 616 1968 habemus,
634 1888 738 1952 Graeci
758 1901 791 1951 et
813 1889 910 1949 δυϊκον.
956 1889 1160 1972 Quamquam
1177 1889 1249 1953 sue-

163 1981 171 2000 *
224 1985 311 2050 runt,
328 1971 383 2058 qui
404 1971 497 2036 nobis
512 1993 642 2060 quoque
662 1972 853 2059 adjicerentr
874 1972 1013 2052 dualem,
1029 1975 1182 2060 scrr'psez're,
1205 1976 1249 2038 le-

218 2065 314 2152 gere:
340 2057 431 2142 quod
456 2056 610 2121 evitandae
634 2057 806 2143 asperitatis
827 2058 930 2146 gratia
953 2057 1115 2121 mollitum
1138 2061 1191 2139 est,
1213 2073 1252 2124 ut

224 2140 310 2224 apud
327 2156 448 2206 veteres
461 2163 518 2227 pro
531 2137 609 2204 male
623 2142 751 2221 mereris,
766 2143 845 2206 male
856 2167 987 2206 merere:
1010 2143 1148 2229 ideoque
1162 2143 1252 2230 quod

226 2237 346 2288 vocant
369 2225 469 2304 duale,
492 2225 525 2288 in
553 2225 609 2290 illo
636 2225 702 2290 solo
728 2247 846 2314 genere
874 2226 1030 2292 consistit:
1064 2246 1139 2291 cum
1168 2229 1253 2316 apud

228 2309 361 2374 Graecos
377 2323 410 2374 et
426 2310 459 2374 in
475 2310 562 2374 verbi
578 2322 645 2376 tota
657 2311 722 2375 fere
737 2312 868 2390 ratione,
883 2325 917 2376 et
931 2311 965 2376 in
987 2311 1171 2377 nominibus
1191 2315 1250 2378 de-

225 2394 452 2480 prehendatur,
467 2409 500 2460 et
521 2396 560 2458 src
574 2417 702 2482 quoque
722 2397 889 2462 rariffimus
911 2396 979 2483 ejus
1001 2397 1036 2460 fit
1050 2397 1123 2460 usus
1133 2421 1143 2477 ;
1166 2399 1251 2484 apud

226 2480 403 2544 nostrorum
417 2503 491 2545 vero
503 2481 663 2547 neminem
674 2481 745 2546 haec
760 2479 933 2570 observatio
948 2482 1136 2569 reperiatur:
1154 2479 1249 2572 quin⁸
1263 2487 1305 2556 43

146 2617 154 2628 ,
225 2567 430 2646 econtrario,
862 2577 863 2580 ’

231 2675 234 2684 ’
258 2651 426 2717 Devenere
450 2650 532 2730 locos,
555 2661 588 2715 et
611 2651 777 2716 Conticuere
799 2674 905 2730 omnen,
922 2661 955 2716 et
976 2651 1132 2750 Confidere
1155 2653 1251 2733 duces,
1295 2723 1306 2736 „

91 2762 96 2770 ·
114 2745 132 2768 ⁰
226 2736 334 2820 ‘aperte
350 2757 409 2800 nos
423 2735 569 2815 doceant,
585 2735 665 2800 nihil
680 2735 795 2802 homm
809 2735 850 2800 ad
865 2737 946 2801 duos
955 2749 1113 2823 pertinere
1119 2760 1128 2814 3
1153 2737 1251 2816 Dixe-
1285 2765 1286 2768 ¹

225 2842 259 2882 rr
273 2841 414 2908 quoque,
430 2843 622 2908 quamquam
644 2821 677 2884 id
691 2821 855 2894 Antonius
871 2820 973 2885 Rufus
994 2842 1034 2885 ex
1057 2821 1178 2884 diverso
1192 2845 1252 2920 po-

226 2903 276 2966 nit
303 2905 497 2992 exemplum,
521 2905 561 2969 de
585 2905 726 2990 pluribus
753 2906 892 2991 patronis
920 2927 1023 2990 praeeo
1051 2921 1252 2992 pronunciet,

228 2986 339 3053 Quid?
364 3011 427 3052 non
442 2990 552 3055 Livius
567 2991 650 3054 circa
663 2991 756 3054 initia
776 2990 877 3054 statim
895 2990 989 3076 primi
1008 2989 1094 3070 libri,
1102 2991 1251 3070 'Teucera
1265 2996 1310 3060 44
1340 3029 1342 3032 >

226 3071 344 3158 inquit,
354 3099 449 3138 arcem
465 3075 599 3138 Sabini?
613 3087 647 3138 et
659 3097 746 3154 mox,
762 3075 799 3138 In
813 3076 970 3162 adversum
981 3073 1107 3139 Romani
1110 3075 1254 3160 subiere?

228 3158 293 3220 Sed
306 3180 401 3243 quem
444 3159 528 3224 otius
549 3181 623 3246 ego,
633 3182 734 3246 quam
751 3162 802 3224 M.
813 3159 971 3238 Tullium,
986 3159 1118 3246 sequar?
1144 3161 1200 3246 qui
1220 3161 1253 3224 in

228 3243 376 3322 Oratore,
428 3267 464 3309 on
482 3246 668 3330 reprebendo,
687 3243 802 3330 inquit,
840 3244 961 3331 cripsera
974 3269 984 3306 .·
997 3245 1179 3342 scripserunt
1201 3269 1215 3306 e
1239 3271 1254 3309 e

227 3327 442 3416 variassentio.
465 3329 621 3392 Similiter
638 3328 671 3392 in
692 3329 791 3393 vocab
827 3327 853 3392 is
873 3344 906 3392 et
920 3329 1103 3393 nominibus
1119 3329 1195 3416 fitso
1210 3356 1253 3394 οε-
1266 3331 1308 3402 45

227 3413 330 3494 cismar
340 3439 458 3499 genere,
474 3437 600 3492 numero,
614 3414 736 3510 proprie
750 3425 856 3478 autem
871 3414 996 3500 rastbus.
1013 3414 1181 3501 Quidquid
1196 3436 1252 3478 eo-

226 3519 299 3562 tum
322 3499 412 3564 alteri
439 3498 597 3578 succedet,
621 3497 696 3562 hurc
716 3499 798 3584 parti
822 3498 1032 3586 subjungatur
1052 3499 1149 3580 licet3
1179 3509 1253 3586 pert

259 3739 272 3772 Ρ
287 3731 360 3794 posset
371 3732 429 3780 Obr.
440 3729 487 3778 Sed
495 3729 553 3776 nihil
562 3740 611 3792 opus
622 3730 658 3791 est,
671 3740 744 3776 contra
756 3729 828 3776 libror,
894 3736 904 3768 t
924 3731 1009 3778 dicunt
1020 3731 1050 3778 G.
1065 3731 1128 3778 Jens.
1192 3733 1255 3779 rad.

225 3798 336 3908 lxiiii?
353 3797 385 3845 G.
449 3807 531 3856 tquae
551 3805 634 3842 eontra
652 3795 683 3842 G.
758 3795 878 3856 tinsuper
897 3795 1018 3856 conjeltura
1032 3795 1256 3844 GallaeiBurmanno

263 4069 306 4116 44.
335 4045 377 4102 M.
397 4049 514 4116 Tullium]
537 4053 620 4102 Locus
640 4049 715 4102 estab
764 4050 886 4104 aliirem=
907 4063 932 4104 et
944 4051 1088 4122 scripserunt
1104 4052 1146 4120 effe
1166 4053 1256 4106 verius

227 4121 283 4172 aliis
301 4121 355 4184 jam
373 4122 507 4181 indicatus,
528 4121 558 4170 de
577 4123 648 4171 Orat.
669 4136 714 4182 47.
755 4121 846 4190 sentio.
875 4123 975 4174 Laudat
995 4123 1069 4174 verba
1081 4123 1158 4174 Ennii
1170 4139 1200 4174 ex
1211 4139 1255 4176 an·

228 4191 280 4242 Il'ec
298 4207 361 4242 vero
380 4189 582 4258 reprehenderim,
603 4189 716 4260 scripsere
762 4190 815 4242 nali
827 4191 916 4260 primo.
