3000 4908
382 377 553 447 INSTIT.
579 382 778 445 ORATOR.
804 383 890 446 LIB.
910 377 964 446 IV.
988 393 1017 466 5.
1130 400 1132 404 ·
1190 392 1249 465 233

223 544 348 627 bar-em,
369 571 434 637 qua
452 549 484 612 se
507 548 670 615 ditiorum
693 549 752 612 effe
773 547 925 635 promisit
938 548 1087 635 primum,
1107 549 1248 612 neminem

222 635 383 721 majoribus
404 635 585 709 criminibus,
605 635 798 721 gravioribus
813 633 925 718 tutibus
945 631 976 698 iu
986 634 1136 720 judicium
1156 655 1247 697 voroz

156 745 164 782 r
225 732 298 798 tum,
314 743 404 805 quom
420 719 636 807 Oppianicum
659 718 786 796 deinde,
805 719 983 816 praejudicio
995 717 1144 804 cffcsotlo
1158 719 1198 783 ob
1211 721 1249 781 iis

223 805 236 868 z·
246 805 292 888 ſss
301 804 464 902 judicibus,
480 831 499 867 o
513 804 621 892 quibus
634 805 900 888 condemnotursot3
924 805 1091 888 postremO,
1099 805 1250 888 judicium

221 903 345 976 paramo
361 901 504 954 tentatum
517 913 575 952 uon
589 915 609 952 o
625 889 833 974 Clurutio,sed
844 901 946 950 contro
961 888 1142 952 Cluentium:
1163 889 1249 975 quia,
1308 903 1309 909 ’
1360 960 1362 968 Ι

224 975 245 1036 sr
267 975 394 1060 probari
415 974 513 1059 posset
525 975 551 1052 l,
572 974 659 1060 quod
679 975 722 1038 est
742 975 886 1051 tertium,
908 973 988 1036 nihil
1011 974 1130 1036 necesse
1144 973 1251 1038 suerit

157 1075 212 1126 -12
225 1058 330 1123 dicere
352 1060 468 1144 priora.
513 1061 641 1130 Rursus,
667 1081 762 1122 nemo
783 1074 850 1122 tarn
872 1059 932 1121 erit
952 1070 1007 1120 aut
1027 1058 1170 1144 injustuS,
1192 1074 1249 1123 ant

225 1145 347 1223 stultuS,
363 1145 439 1230 quin
455 1165 528 1212 eum
551 1143 686 1210 fateatur
700 1145 821 1230 optime
836 1165 893 1230 pro
908 1145 1056 1226 Muraena
1076 1143 1135 1208 elle
1150 1145 1249 1228 purti-

212 1241 307 1307 .tum,
322 1229 470 1316 Irctelligo,
484 1229 614 1307 Judicos,
630 1242 707 1292 tresc
730 1231 816 1292 totius
838 1228 1025 1315 accusationis
1040 1230 1251 1314 portesfuiffir,

212 1327 253 1376 et
274 1339 374 1378 conum
390 1337 481 1376 unum
496 1314 528 1376 in
547 1314 758 1401 reprehcufiouc
778 1317 863 1390 vitae,
880 1313 1005 1376 atteram
1027 1313 1057 1375 in
1078 1319 1253 1377 contentione

224 1399 394 1485 dignitatis,
412 1401 527 1462 tortium
543 1400 575 1461 in
589 1400 759 1462 criminibus
773 1400 899 1462 ambitus
915 1398 968 1481 effi
978 1401 1138 1482 numatam.
1161 1401 1195 1462 N
1198 1421 1251 1462 am

226 1483 266 1546 fic
281 1497 314 1547 et
328 1483 461 1546 ostendit
482 1483 667 1546 lucidissime
680 1485 827 1560 caussam,
843 1496 876 1545 et
897 1482 976 1546 nihil
992 1483 1069 1546 fecit
1084 1483 1184 1546 altero
1198 1485 1250 1547 su-

174 1587 212 1654 13
227 1589 429 1652 pervacuum.
473 1569 525 1630 De
540 1567 596 1630 illo
616 1589 745 1653 quoque
767 1589 884 1655 genere
906 1567 1090 1632 defenfioois
1108 1568 1251 1660 plerique

163 1665 167 1696 ²
226 1652 445 1728 dubitantssu'
468 1652 569 1728 occidi,
592 1663 667 1719 cette
677 1655 765 1739 fici:
781 1654 841 1738 scd
859 1677 917 1716 uon
939 1653 1050 1715 occidi:
1097 1675 1139 1718 uo
1162 1654 1252 1718 enim

213 1737 313 1822 ‚prius
333 1736 500 1822 pertinere,
517 1737 538 1800 ss
553 1738 686 1823 sequens
707 1738 832 1801 firmum
855 1739 914 1800 sit?
939 1738 1011 1801 baeo
1032 1675 1167 1802 invicem
1188 1740 1252 1802 ob·
1286 1743 1289 1753 ’

226 1821 314 1900 stare,
331 1835 364 1906 et
380 1835 513 1907 utroque
525 1824 702 1900 utentibus,
718 1823 749 1884 in
767 1835 881 1886 neutro
894 1822 1002 1885 haberi
1013 1823 1126 1886 sidem.
1153 1823 1253 1889 Quod

158 1941 164 1954 ·
225 1905 343 1970 sanein
365 1920 453 1992 parte
468 1915 586 1971 verum
599 1909 654 1986 est,
671 1923 704 1971 et
718 1907 930 1993 illo‘sequenti
950 1907 982 1990 (sr
1005 1907 1104 1971 modo
1121 1906 1252 1973 indubi-

173 2009 215 2072 14
225 1991 324 2056 tabile
339 1991 389 2072 fit)
407 1991 472 2054 solo
486 1991 655 2056 utendum.
699 1994 757 2071 At,
773 1993 792 2055 sr
815 1992 892 2078 quid
908 1993 940 2054 in
956 2013 1007 2070 eo,
1022 1993 1111 2078 quod
1124 1995 1168 2056 est
1188 1993 1254 2058 sor·

47 2142 50 2150 ,
140 2101 164 2143 ,’
224 2075 300 2156 tius,
315 2076 512 2156 timebimus,
526 2089 661 2164 utraque
674 2078 859 2163 probatione
873 2075 1024 2141 nitemur.
1056 2078 1150 2142 Alius
1165 2079 1253 2144 enim

222 2161 288 2226 alio
302 2161 423 2226 moveri
437 2161 535 2226 solet:
559 2177 602 2240 et,
616 2163 672 2248 qui
686 2163 805 2228 fastum
821 2162 954 2248 putavit,
963 2161 1101 2248 juliumd
1124 2164 1253 2228 credere

213 2247 340 2331 ,potestt
364 2247 419 2332 qui
434 2258 596 2334 tamquam
608 2247 693 2332 justo
707 2270 769 2311 non
785 2246 978 2326 movebitur,
994 2247 1113 2312 fastum
1128 2247 1253 2314 fortasse

225 2352 290 2394 non
305 2333 424 2396 credet.
470 2331 527 2397 Ur
543 2349 631 2396 certa
644 2355 756 2396 manus
772 2353 836 2395 uno
851 2331 919 2395 telo
939 2333 1028 2416 possit
1042 2333 1102 2396 elle
1116 2347 1252 2398 eonten-

215 2428 272 2488 .ta,
288 2417 417 2480 incerta·
434 2415 524 2501 plura
543 2417 717 2503 spargenda
737 2417 820 2494 sunt,
836 2428 873 2480 ut
894 2415 977 2480 litet
991 2409 1127 2481 fortunae
1148 2419 1252 2484 locus.

175 2517 213 2585 15
227 2501 368 2588 Egregie
390 2521 463 2564 vero
485 2501 599 2564 Cicero
621 2523 679 2586 pro
701 2502 827 2565 Milone
848 2500 1041 2586 infidiotorom
1061 2503 1165 2586 primo
1182 2503 1253 2567 Clo-

163 2629 167 2644 .
227 2586 309 2658 dium
328 2583 468 2670 ochudit:
489 2597 558 2650 tum
584 2585 708 2649 addidit
728 2607 768 2648 ex
789 2585 976 2664 abundanti,
990 2586 1079 2648 otiam
1087 2587 1124 2670 fi
1140 2589 1174 2650 id
1195 2613 1255 2652 uon

215 2670 335 2754 fluistis,
351 2667 440 2732 talem
462 2680 559 2732 tamen
573 2670 666 2733 civem
687 2673 875 2756 mmsummc
888 2669 1002 2733 virtuto
1022 2671 1212 2770 interfatione
1226 2685 1256 2736 et

175 2758 215 2819 16
225 2754 326 2840 glorio
347 2754 445 2818 uocari
464 2754 597 2840 potuiffi.
640 2756 757 2840 Neque
781 2755 873 2818 illurn
899 2766 1004 2818 tamen
1029 2755 1187 2836 ordinem,
1212 2758 1255 2822 de
1328 2754 1333 2762 ’

158 2851 171 2903 t
251 2861 294 2902 uo
314 2838 401 2922 prius
422 2837 500 2917 dixi,
514 2837 748 2902 damnaverim:
780 2839 855 2925 quia
877 2837 1034 2924 quaedam,
1051 2841 1168 2904 etiamst
1191 2842 1255 2927 ipse
1289 2867 1292 2872 ·

220 2861 300 2987 ‚liunt
313 2923 402 3000 dura,
416 2921 455 2984 in.
465 2922 497 2985 id
506 2935 618 2986 tamen
634 2924 754 3003 valent,
765 2939 802 2986 ut
815 2945 852 2988 ea
866 2923 1022 3006 molliant,
1033 2925 1256 3012 quaesequun-

227 3021 294 3073 tur.
335 3008 406 3071 Neo
429 3006 560 3070 omnino
583 3009 645 3071 fine
671 3009 793 3072 ratione
817 3010 871 3087 est,
897 3007 984 3093 quod
1009 3009 1107 3096 vulgo
1125 3011 1254 3091 dicitur,

176 3111 213 3178 17
228 3092 366 3192 Iniquum
375 3093 545 3180 petendum,
560 3105 595 3156 ut
608 3095 830 3180 aequumfcras.
868 3092 968 3159 Quod
982 3106 1088 3158 tamen
1104 3097 1255 3160 nemesio

227 3177 374 3262 accipiat,
396 3189 434 3240 ut
458 3178 566 3252 omnia
592 3178 697 3242 credat
719 3177 875 3242 audenda.
920 3177 1018 3242 Resle
1039 3179 1124 3242 enim
1147 3182 1256 3246 Graeci

227 3262 426 3348 praecipiunt,
451 3260 520 3332 Nou
543 3264 697 3342 tentando,
722 3288 789 3350 quoe
816 3263 893 3349 ‹ffici
912 3263 1024 3326 omnino
1051 3287 1109 3327 non
1126 3266 1254 3352 pcfficnt.

228 3346 305 3422 Sed,
320 3347 446 3443 quoties
467 3345 541 3425 hac,
557 3347 597 3412 de
635 3369 675 3411 ua
695 3347 823 3434 loquor,
834 3345 955 3434 duplici
980 3345 1159 3412 defensione
1181 3363 1255 3414 ute-

228 3451 312 3508 mur,
328 3429 363 3494 1d
376 3431 583 3496 laborandum
600 3371 654 3510 el,
670 3433 752 3496 utin
774 3433 860 3496 illam
877 3443 996 3518 partem
1018 3432 1199 3518 sequentem
1216 3436 1254 3498 fi-

219 3514 285 3578 ·des
299 3536 337 3577 ex
353 3515 455 3600 priore
470 3515 616 3580 ducatur.
661 3517 762 3581 Potest
777 3517 861 3580 enim
877 3516 987 3591 videri,
1002 3518 1057 3602 qui
1073 3531 1145 3582 tuto
1159 3520 1258 3584 etiam

229 3597 421 3663 consessurus
436 3597 508 3677 fuit,
531 3601 706 3665 mentiendi
731 3601 864 3666 caussam
887 3601 920 3664 in
943 3601 1090 3687 negando
1112 3625 1175 3666 non
1197 3603 1255 3668 ha·

177 3683 315 3750 18'bere.
360 3685 403 3747 Et
417 3683 499 3748 illud
512 3683 625 3772 utique
647 3685 831 3752 faciendum
845 3686 899 3766 est,
914 3699 962 3764 ut,
978 3685 1105 3772 quoties
1122 3687 1255 3774 suspica·

388 3887 495 3948 operest
506 3885 536 3933 G.
602 3886 673 3934 ‘tris
689 3885 720 3934 G.
784 3885 874 3947 ‘juste
885 3883 916 3936 G.
928 3891 983 3958 retro
994 3887 1097 3936 arbitror.

230 4075 317 4146 Neque
328 4077 422 4129 Fabius
435 4077 466 4130 iis
478 4077 500 4128 se
511 4076 634 4148 adjungit,
647 4090 719 4150 puto,
771 4093 795 4142 3,
814 4097 839 4146 9.
857 4091 883 4130 et
900 4096 928 4144 4,
950 4098 975 4148 5,
990 4099 1032 4145 r7.
1070 4081 1110 4134 Sic
1126 4056 1260 4149 Africanos

222 4147 275 4214 qul
285 4147 463 4224 reprehendunt
475 4146 604 4198 Tullium.
761 4148 864 4217 sequens
883 4149 931 4200 &e
969 4151 1091 4204 Secundus
1108 4151 1157 4226 ipse
1176 4155 1208 4206 esl
1226 4155 1259 4206 ab

267 4229 310 4282 ¹3·
326 4213 366 4268 olto
368 4215 480 4286 sequenti
485 4216 497 4281 ]
512 4214 616 4281 rutero,
627 4213 680 4270 rid.
691 4231 720 4282 4,
768 4217 815 4294 bac
825 4218 930 4288 origine.
