3024 4912
258 329 314 394 ree
490 329 685 394 assensu
708 328 1053 393 QUINCTILIANI

256 491 334 558 tw
359 491 610 580 propositiones3
634 491 756 580 alioqui
769 493 873 564 causa
893 505 957 558 non
980 489 1212 580 explicabitur:
1235 493 1290 562 sed

218 645 223 658 ,
256 601 332 646 curn
359 578 422 645 sule
451 579 641 652 rationibus.
685 579 787 646 ¹Scelus
814 579 951 663 commlfit
978 577 1138 660 Horatius,
1157 582 1291 670 sororem

257 665 334 730 enirn
347 665 473 730 occidit:
506 664 575 730 Noa
590 665 730 752 commisti
742 689 751 744 3
779 665 880 730 debuit
901 665 978 730 enim
991 665 1117 732 occidere
1131 690 1206 746 eam,
1222 689 1292 754 qaae

258 749 343 836 hostis
363 762 476 814 morte²
492 750 653 814 maritat.-
684 751 827 839 quaesti0‚
844 751 901 816 Aa
915 751 979 816 haec
992 749 1078 840 jessa
1092 753 1222 837 cortffa?
1246 753 1291 818 ita

258 835 406 922 qualitas.
450 837 501 900 Ac
518 833 658 902 similiter
670 834 704 900 in
719 834 932 914 translatione,
949 835 1017 900 Νοη
1030 837 1118 900 babes
1133 837 1187 921 jus
1201 838 1290 902 obdi-
1304 837 1346 924 76

258 922 360 1000 condi,
377 921 448 1008 quio
464 921 650 1008 ignominioso
664 945 721 986 reon
734 921 772 1007 est
783 923 881 987 attio:
911 921 1016 986 Habeo
1032 922 1098 1004 jus,
1114 923 1187 1009 quia
1202 923 1291 988 abdi-

259 1007 334 1072 catio
356 1007 431 1072 attio
453 1031 511 1070 noa
536 1005 592 1092 est:
627 1007 794 1092 quaritur,
821 1008 906 1093 Quid
916 1007 964 1092 stt
985 1007 1090 1076 anio?
1120 1008 1291 1088 finiemus;

259 1091 361 1170 Noa(
375 1089 643 1159 licetabdicoreb?
663 1091 745 1179 syllo
770 1091 878 1158 ismus.
924 1095 1006 1158 Item
1029 1105 1135 1158 cetera
1149 1115 1206 1181 per
1217 1117 1290 1160 orn·

259 1199 318 1244 nes
347 1190 389 1244 et¹
404 1175 585 1256 rationales,
610 1191 644 1244 et
668 1115 789 1266 legisses
818 1179 924 1244 status.
967 1179 1039 1243 Nec
1064 1177 1292 1266 ignorofuilse
1305 1195 1344 1266 77

258 1261 425 1350 quosdam,
448 1263 506 1350 qui
530 1262 765 1331 transsationem
791 1263 825 1329 in
849 1263 996 1330 rationali
1019 1286 1149 1352 quoqne
1173 1286 1293 1352 genere

205 1389 214 1404 ·
258 1349 492 1436 ponerentlroc
512 1347 622 1428 modo,
641 1349 797 1416 Hominem
820 1350 909 1416 occidi
937 1351 1021 1436 ‘restes
1046 1350 1084 1414 ab
1109 1351 1294 1437 imperatore.
1344 1351 1347 1357 ’

260 1436 352 1502 Dona
379 1435 479 1523 templi
505 1435 619 1521 cogenti
643 1448 768 1521 tyrartno
789 1435 869 1500 dedi.
914 1375 1052 1523 heserui,
1069 1435 1292 1524 tempestatibus,

249 1519 441 1607 fluminibus,
455 1519 652 1586 valetudine‘
676 1521 843 1608 impeditos,
859 1520 962 1600 idest,
978 1543 1042 1586 non
1058 1543 1115 1604 per
1129 1544 1182 1586 me
1197 1523 1291 1602 stetit,

258 1605 484 1693 saeperita.
527 1605 559 1672 A
587 1606 705 1692 quibus
729 1609 827 1672 etiarn
856 1606 987 1672 liberius
1015 1607 1172 1676 dissentio.
1215 1607 1292 1672 Non
1307 1608 1347 1694 78

260 1692 348 1757 enim
364 1692 448 1756 attio
463 1691 661 1768 transfertur,
678 1689 730 1756 sed
744 1691 846 1758 caussa
860 1692 933 1757 faut
950 1717 957 1755 ε
981 1692 1068 1778 quod
1082 1692 1199 1758 accidit
1213 1713 1295 1790 pene

260 1776 294 1842 in
310 1777 399 1842 omni
413 1777 603 1843 defenfionei
647 1777 774 1842 Deinde
790 1779 829 1858 is,
839 1779 902 1864 ¹qui
917 1778 973 1842 tali
989 1777 1089 1844 utitur
1103 1773 1293 1865 patrocinio,

261 1879 328 1928 non
351 1863 473 1928 recedit
496 1886 515 1928 a
537 1859 640 1928 forma
662 1863 846 1960 qualitatis:
870 1863 950 1928 dicit
973 1864 1059 1930 enirn
1083 1864 1114 1928 se
1128 1863 1223 1952 culpa
1237 1885 1293 1928 va-

261 1969 344 2029 care,
360 1963 398 2013 ut
412 1971 445 2014 nr
491 1950 517 2012 i's
539 1947 705 2034 qualitatis
727 1949 845 2034 duplex
863 1949 945 2014 ratio
959 1947 1105 2014 facunda
1119 1949 1167 2028 fit,
1184 1949 1294 2028 altera,

285 2057 328 2100 ua
356 2047 389 2098 et
417 2035 449 2099 fa
483 2057 538 2099 um
567 2033 773 2098 defenditur:
808 2035 921 2112 altera,'
949 2057 1014 2120 qua
1050 2047 1176 2100 tantum
1211 2057 1294 2099 reus.

261 2057 469 2186 ilredendum
494 2118 536 2182 eti
562 2118 736 2215 igiturne,
760 2141 896 2204 quorum
920 2118 1142 2184 austeritatem
1169 2120 1294 2186 secutus
1308 2141 1350 2212 79

262 2206 306 2270 est
321 2205 447 2283 Cicero,
463 2203 524 2266 tria
537 2204 609 2282 elle,
648 2225 698 2268 uae
713 2203 746 2267 in
762 2205 851 2269 omni
865 2205 1077 2291 disputatione
1098 2218 1316 2292 quaerantur„

262 2315 305 2354 aa
319 2291 377 2375 fit,
402 2290 478 2376 quid
487 2289 541 2375 stt,
567 2227 730 2378 qaaiefit?
750 2289 837 2376 qnod
862 2288 926 2376 ipsa
947 2290 1039 2356 nobis
1060 2292 1158 2369 etiam
1185 2303 1299 2356 nature

246 2375 448 2462 ‘prascribit
492 2376 578 2440 Nam
593 2375 731 2460 primum
747 2388 874 2461 oportet
887 2377 1006 2442 subesse
1020 2374 1209 2464 aliquid‚de
1231 2371 1298 2462 quo'

263 2461 461 2560 ambigitur:
486 2461 585 2610 quod,
601 2460 679 2546 quid
704 2461 750 2540 fit,
768 2475 800 2524 et
824 2461 918 2551 quale
943 2463 991 2560 sit,
1005 2475 1091 2528 certe
1112 2485 1177 2527 non
1199 2462 1298 2548 potest

263 2543 422 2625 aeilirnan,
451 2547 484 2612 ni
536 2547 623 2632 prius
641 2546 709 2610 'effe
739 2548 935 2612 eonstiterit:
969 2547 1107 2637 ideoque
1132 2569 1170 2612 ea
1197 2547 1298 2632 prima

119 2651 126 2658 ·
231 2662 232 2666 ¹
262 2634 407 2718 quaestio.
452 2633 516 2696 Sed
538 2653 603 2698 non
623 2631 737 2709 statim,
752 2632 839 2718 qnod
860 2633 921 2698 esse
942 2631 1143 2700 manifestum
1164 2633 1219 2710 est,
1234 2633 1297 2696 eti-

263 2739 330 2798 arn,
345 2717 423 2806 quid
439 2717 487 2796 sit,
503 2729 643 2804 apparet.
688 2716 763 2782 Hoc
785 2741 915 2805 quoque
937 2719 1121 2797 constituto,
1137 2717 1299 2783 noviffirna
1311 2717 1352 2783 to

265 2804 403 2888 qualitas
422 2805 576 2890 superest:
600 2825 660 2867 nec
682 2803 732 2868 his
754 2805 924 2891 exploratis
938 2804 1025 2868 aliud
1040 2803 1082 2867 est
1097 2803 1191 2868 ultra.
1236 2801 1299 2866 Hie

261 2889 398 2954 infinitae
412 2889 611 2974 questiones,
629 2889 679 2954 his
699 2889 797 2954 finitae
812 2890 1037 2954 continentur:
1060 2888 1176 2954 horum
1192 2885 1300 2974 aliqua

264 2975 299 3041 in
329 2974 585 3054 demonstrativa,
610 2974 829 3054 deliberativa,
853 2973 999 3062 judiciali
1027 2973 1161 3037 materia
1186 2973 1299 3058 utique

267 3060 453 3126 uastantur.
500 3061 580 3126 Haec
606 3061 711 3129 rursus
732 3061 924 3148 judicialesd
950 3057 1067 3123 caussas
1094 3071 1127 3121 et
1152 3057 1299 3122 rationali
1312 3060 1352 3123 81

268 3160 357 3231 parte
372 3161 404 3209 et
418 3144 515 3234 legali
531 3145 697 3212 continent
711 3159 735 3210 ⁶.
779 3149 853 3212 Neo
867 3144 953 3208 enirn
967 3143 1034 3208 ulla
1044 3142 1128 3230 juris
1142 3142 1298 3232 discepta-

267 3233 327 3309 tio,
352 3231 405 3294 nisr
433 3229 589 3311 finitione,
616 3231 781 3316 qualitate,
809 3229 992 3316 conjetiura
1038 3229 1115 3292 otest
1136 3227 1299 3314 explicari.

264 3315 334 3380 zsed
356 3315 599 3381 instituentibus
622 3317 728 3395 rudes,
755 3339 819 3381 non
844 3316 905 3380 erit
927 3251 1050 3378 inutilis
1075 3314 1170 3383 latius
1196 3314 1300 3400 primo
1312 3321 1354 3387 82

266 3400 334 3482 susa
355 3403 449 3484 ratio,
464 3403 547 3484 et,ss
569 3423 633 3468 non
656 3402 758 3466 statim
780 3400 948 3468 rettiffima
967 3400 1052 3466 linea
1065 3398 1302 3480 tensaffacilior

264 3615 269 3622 ·
303 3595 368 3638 'erra
381 3590 412 3636 ie.
461 3597 526 3636 ²onr.
540 3589 571 3636 G.
584 3589 746 3648 liostit‚puta‚
760 3586 872 3634 intellexit
882 3599 961 3654 quarto
969 3587 1030 3650 casu.
1078 3585 1301 3647 *Legmdumputa

265 3655 377 3771 gillelmi
387 3655 500 3770 :limum
511 3655 553 3718 ias.
565 3655 597 3702 G.
641 3650 770 3702 ‘velitne
783 3653 814 3702 G.
826 3653 889 3701 lens.
933 3651 1158 3713 rjuneiciatesiia
1190 3649 1258 3696 ‘Sic
1269 3649 1301 3697 G.

261 3879 271 3910 ἰ
306 3872 353 3934 76,
365 3867 419 3922 Non
431 3869 485 3922 licet
496 3867 614 3920 abdicare
623 3863 655 3932 t]
669 3865 761 3918 Omni·
809 3863 911 3919 danai
921 3865 1002 3926 habet,
1013 3865 1077 3936 quod
1085 3862 1166 3932 majas
1176 3861 1217 3932 est.

269 3955 303 3990 no
321 3940 460 4008 legendum,
473 3939 512 3990 uti
529 3937 684 3996 monuimus,
697 3934 763 3988 Naar
845 3953 892 4003 ας.
911 3936 1007 4000 Cicero]
1033 3935 1093 3986 vid.
1106 3934 1179 4003 supra
1189 3931 1221 3984 ad
1240 3947 1264 3998 3,
1277 3932 1303 3992 6,
1340 3932 1344 3941 ‘

263 4005 473 4062 licetnnsicore?
497 4021 525 4059 ut
538 4007 581 4059 tint
600 4006 762 4074 quaestiocae-
807 4022 860 4069 43.
951 4039 953 4043 -

264 4076 436 4129 -terissrmilia
464 4077 763 4144 Sienimitaquaeratur,
849 4079 892 4126 82.
915 4073 982 4126 linea
1004 4072 1084 4142 tensa]
1114 4073 1153 4124 Ea
1175 4067 1304 4124 reslislirnt

263 4146 434 4216 ‘syllogismus
446 4147 605 4198 adhibebitur
618 4146 648 4198 h.
662 4164 698 4198 m.
711 4144 765 4216 Qn'
812 4144 853 4196 via
876 4141 910 4194 esi
932 4159 984 4212 qua
1002 4141 1069 4194 linea
1086 4141 1113 4193 h.
1132 4159 1155 4194 e.
1176 4140 1303 4196 funiculus

270 4215 595 4285 autumnalemque
608 4231 651 4268 nec
661 4217 706 4286 jes
716 4217 762 4268 ab·
806 4212 933 4270 tenditur.
957 4211 1079 4268 Manus
1095 4227 1197 4294 operam
1206 4213 1239 4264 q„
1257 4227 1303 4264 no·
