2938 4910
421 371 588 432 INSTIT.
607 371 819 432 ORATOR.
840 371 924 430 LIB.
944 373 997 430 VI.
1018 391 1047 448 ³·
1179 389 1236 464 37r

209 531 270 618 ff.
313 532 513 600 Dicebaotur
537 545 664 614 autem*
677 535 755 604 dum
775 535 872 614 uixit,
890 533 1175 602 infames-feminae
1198 536 1240 606 ad

209 640 279 682 eam
296 621 466 688 convenire
487 619 608 684 solitae:
631 621 699 706 post
721 633 859 686 mortem
884 621 955 708 ejus
969 621 1053 685 bona
1074 621 1238 690 venibant.

210 703 318 769 Quam
344 727 417 770 uam
431 705 485 770 hic
499 706 589 770 ludus
604 729 659 791 per
669 706 903 772 translationem
919 705 1025 772 duas
1040 708 1093 786 est,
1105 706 1240 795 oeagrstri
1276 720 1278 726 ’

142 803 196 872 ¹52
209 809 264 878 per
275 727 549 876 ambiguitatem·
575 793 614 854 ln
629 791 811 876 metalepsin
827 813 956 880 quoque
972 790 1058 858 cadit
1070 792 1152 856 ratio
1165 793 1237 857 dic-

208 886 339 942 torum*
355 901 363 938 ι
387 889 425 940 ut
441 877 556 942 Fabius
572 877 747 955 Maximus,
761 877 907 942 incusans
921 878 1083 964 Augusti¹²
1104 877 1237 966 congia·

173 963 185 976 “’
206 959 338 1036 riorum,
352 983 426 1046 quae
439 961 552 1024 amicis
567 961 734 1040 dabantur,
747 963 971 1049 exiguitatem,
987 963 1152 1026 heminaria
1164 969 1170 1006 i
1184 965 1239 1050 effe

207 1043 289 1108 dixit
305 1070 312 1110 :
335 1067 422 1126 riam,
440 1047 623 1132 congiarium
637 1070 713 1112 cum
728 1047 766 1111 srt
780 1069 952 1117 commune
965 1047 1164 1112 liberalitatis
1184 1064 1238 1112 ate

207 1151 271 1216 que
295 1131 496 1209 merrsurae,a
518 1133 687 1196 mensurak
713 1132 810 1198 duaa
831 1133 1032 1198 imminutio¹
1055 1135 1097 1197 est
1117 1155 1238 1202 rerum.

98 1291 103 1302 ι
151 1233 192 1300 53
206 1215 250 1282 Et
275 1217 347 1280 haec
370 1229 435 1279 tam
460 1216 587 1302 frigide,
604 1239 701 1306 quarn
725 1219 768 1280 est
787 1218 954 1286 nominum
976 1218 1074 1296 ssim,
1090 1218 1243 1305 adjesiie,
1295 1275 1302 1295 ,

206 1299 368 1379 ὀεῐτᾶᾶὶὶε,
385 1303 515 1366 mutatis
529 1303 650 1370 literis:
674 1317 711 1368 ut
724 1303 905 1389 Acisculum,
921 1303 997 1390 quia
1015 1303 1091 1366 esset
1111 1304 1237 1392 pastus,

206 1387 416 1473 Pac'ffealamt
444 1401 478 1452 et
493 1388 653 1452 Placidum
667 1390 809 1468 nominc,
825 1389 901 1475 quia
923 1388 949 1452 is
969 1390 1101 1454 acerbus
1124 1403 1237 1454 natum

203 1471 292 1548 esset,
315 1473 463 1547 Aridum
486 1485 522 1538 et
545 1472 689 1552 Tulliam,
711 1497 786 1538 cum
810 1474 860 1538 sur
881 1473 966 1552 esset,
985 1473 1111 1538 Tullium
1133 1474 1240 1540 dictor

165 1599 180 1628 ,ι
198 1553 344 1622 invenio.
390 1558 454 1620 Sed
476 1558 545 1622 haec
567 1559 677 1624 eadem
701 1581 820 1647 genera
843 1558 1056 1626 commodius-
1071 1560 1106 1622 in
1129 1561 1236 1640 rebus,

149 1659 194 1725 54
206 1643 350 1726 quentin
368 1643 552 1708 nominibus
567 1645 766 1730 respondent.
799 1644 881 1710 Aser
895 1646 981 1710 enim
998 1646 1123 1710 venuste
1137 1645 1237 1710 Man«

205 1725 285 1789 lium
303 1729 427 1800 Suram,
444 1729 584 1796 multum
607 1729 637 1792 in
660 1731 788 1817 agendo
808 1731 1042 1810 discursantem,
1056 1730 1234 1811 salientem,

205 1831 319 1875 manus
337 1811 528 1899 jactantem,
544 1827 654 1902 togam
669 1816 871 1902 dejicientem
888 1829 922 1879 et
941 1828 1162 1903 reponentem,
1177 1839 1236 1880 aaa

176 1941 179 1950 ,
205 1921 295 1984 egere
306 1897 401 1978 dixit,
405 1901 466 1986 sed
468 1899 625 1986 satagere.
669 1904 722 1966 Eli
736 1902 856 1966 enimm
878 1900 1002 1964 dicium
1018 1901 1117 1988 perse
1138 1902 1235 1966 urba-

199 1999 296 2062 num,
311 1983 465 2071 satagere,
482 1986 577 2048 etiam
601 1985 631 2048 se
644 1985 731 2050 nulla
755 1985 848 2051 subsit
870 1985 998 2050 alterius
1019 1985 1108 2051 verbi
1122 1983 1235 2050 fimili-
1286 1983 1288 1991 '

149 2079 190 2152 55
205 2067 295 2132 tudo.
342 2070 439 2134 Fiunt
464 2083 497 2134 et
518 2070 659 2136 detrusit
680 2086 715 2155 et
737 2072 859 2159 adjesia
878 2071 1074 2158 aspiratione,
1095 2071 1129 2135 et
1148 2069 1238 2138 binis

205 2152 383 2240 conjunslis
399 2155 502 2220 verbis
517 2155 657 2228 lioriliter
671 2157 711 2220 sae
733 2158 782 2220 ius
796 2155 925 2246 frigida,
941 2156 1110 2246 aliquando
1126 2168 1235 2232 tamen

156 2253 158 2258 '
202 2237 396 2324 recipienda.
441 2240 629 2327 Eademque
643 2179 786 2306 conditio
800 2243 841 2305 est
857 2241 889 2305 in
905 2241 955 2322 iis,
971 2265 1044 2329 quae
1059 2263 1078 2305 a
1092 2242 1233 2306 nomini-

199 2321 265 2387 bus
280 2323 460 2390 trahuntur.
504 2327 613 2396 Multa
636 2350 675 2391 ex
700 2328 762 2392 hoc
784 2327 900 2392 Cicero
921 2327 955 2391 in
969 2329 1114 2408 Verrem,
1129 2325 1182 2392 sed
1196 2339 1236 2392 ut

202 2407 243 2472 ab
264 2409 334 2474 aliis
357 2409 454 2488 dicta,
471 2411 752 2560 mododaturam,
767 2426 801 2477 at
823 2413 921 2476 omnia
943 2424 1074 2478 verreret
1085 2423 1116 2493 ³3
1131 2413 1251 2496 ¹[cum.

201 2491 362 2558 diceretur
381 2493 507 2582 Verrem]
533 2518 566 2560 nr
611 2519 643 2578 o,
661 2498 798 2578 Herculi,
814 2519 897 2586 quera
918 2498 1114 2585 expilaverat,
1130 2496 1232 2584 moles-

236 2699 624 2750 ‘caditcademrutiodislorum
637 2694 774 2752 G.1.el2.
840 2701 976 2764 ¹¹Auguste
988 2703 1018 2750 G.
1029 2703 1093 2751 lens.
1164 2699 1234 2752 'he-

203 2763 331 2811 minariam
343 2765 374 2810 G.
385 2767 448 2812 lens.
515 2766 624 2829 “coloſs
635 2769 667 2816 G.
732 2767 784 2814 ¹in
795 2767 957 2816 minutionem
970 2769 1000 2815 G.
1011 2769 1075 2815 lens.
1145 2771 1164 2798 ¹⁸
1184 2769 1232 2815 hoc

183 2827 237 2874 ·G.
350 2837 360 2858 ⁰
380 2831 603 2878 terremtatem.
623 2832 688 2878 mele.
714 2833 779 2880 Forte
793 2842 915 2880 eveneret.
940 2832 980 2880 Sic
996 2830 1155 2880 euerriculum
1165 2841 1234 2880 uocat

201 2889 268 2940 verr.
277 2907 303 2954 4,
317 2908 355 2954 24·
373 2893 429 2942 Qua
438 2895 514 2942 deiude
524 2895 610 2958 inrbfi,
619 2895 710 2962 gloffirm
717 2908 782 2960 puto.

237 3071 280 3118 52·
299 3054 365 3108 ratio
375 3055 506 3122 diuorum]
526 3058 609 3109 Intell.
628 3076 690 3126 qrto-
741 3058 881 3138 Numquam
892 3069 944 3110 tam
952 3059 1058 3129 maleest
1068 3057 1162 3120 Siculis,
1170 3057 1229 3129 quin

201 3125 316 3175 tundam.
340 3127 379 3177 De
392 3125 519 3196 Metelepli
530 3127 549 3178 s.
562 3129 691 3180 translatu·
740 3127 778 3179 ali
792 3129 837 3179 uid
844 3129 932 3194 facete
950 3139 975 3179 et
993 3129 1109 3180 commode
1127 3117 1225 3181 iliram:

200 3194 266 3244 riom
275 3196 327 3246 vid.
342 3199 369 3256 8,
382 3198 408 3256 6,
423 3213 465 3260 37.
485 3198 573 3248 Cicero
583 3199 690 3264 transta-
739 3145 811 3248 reela
824 3197 850 3249 in
862 3197 909 3250 har
919 3215 947 3248 re
963 3197 1072 3260 aiebant,
1088 3197 1115 3249 in
1133 3197 1228 3250 laborm

201 3260 290 3314 tium
305 3264 412 3333 appellor
429 3267 461 3316 de
477 3269 549 3318 Orat.
564 3285 590 3328 2,
603 3272 647 3332 ⁶5,
666 3279 691 3318 et
739 3267 853 3320 Herculis
873 3283 920 3318 non
931 3266 1010 3319 mimis
1025 3267 1087 3319 bunc
1103 3267 1228 3338 immanis·

200 3330 247 3382 hoc
264 3335 479 3406 euemploutitnr‚
493 3335 569 3404 Scipio
583 3335 689 3388 illema-
730 3335 820 3402 fimum
839 3337 947 3398 Verrem,
960 3355 1033 3405 quam
1049 3337 1116 3389 illum
1136 3346 1226 3406 aprum

194 3399 238 3468 jor
256 3401 387 3454 Corinthiis
396 3405 509 3472 ,statuam
525 3403 689 3474 pollicentibus
738 3405 924 3477 Erymanthium
934 3406 1026 3474 referri
1035 3416 1152 3476 oportere.
1171 3407 1225 3458 Sei-

198 3485 226 3520 ee
240 3469 297 3532 laco,
313 3471 355 3522 ulrr'
371 3473 476 3524 alierum
496 3475 564 3542 essim
581 3475 687 3544 impera-
719 3475 793 3527 ·licet
805 3475 899 3545 signum
912 3476 1026 3528 Herculis
1044 3495 1056 3527 e
1073 3477 1165 3546 templo
1183 3479 1225 3528 A.

198 3547 287 3594 torum.
314 3542 433 3592 tunnalce
461 3542 528 3594 dixit
553 3543 685 3614 displicere.
736 3547 931 3616 grigentinomm
948 3546 1022 3597 nosiu
1034 3545 1129 3597 auferre
1139 3545 1225 3598 volue-

201 3609 308 3680 Qaeest
326 3607 389 3662 inter
405 3612 688 3684 tumaabreteqmstres
735 3627 783 3666 rat.
814 3615 931 3667 Alterum
942 3616 972 3666 de
986 3615 1113 3666 Sacerdote
1124 3614 1223 3668 cautius
1313 3621 1317 3638 ⁵

198 3677 289 3730 statuas
308 3681 382 3742 tutio,
400 3698 428 3732 ea
445 3683 508 3733 inter
525 3681 687 3736 heminarian
735 3685 809 3736 etiam
822 3685 920 3746 tractat,
932 3701 963 3736 ne
975 3685 1023 3755 ipse
1034 3684 1137 3736 scon-ari
1153 3685 1223 3738 vide·
1247 3721 1252 3726 -

197 3757 222 3798 et
242 3748 405 3816 congiarium.
438 3753 534 3803 Notum
565 3753 687 3806 haurirem
735 3756 885 3816 atur,Verr.
908 3757 989 3816 r,46.
1014 3753 1079 3806 Hinc
1094 3753 1131 3806 illi
1146 3753 1222 3808 hemi-

188 3818 301 3886 sextarii
311 3819 453 3882 dimidium,
465 3823 615 3893 unciamque
627 3824 687 3876 adeo
734 3839 776 3874 ner
786 3833 869 3885 erant,
879 3822 920 3893 qui
939 3823 1015 3876 etiam
1032 3822 1130 3876 ridiculi
1145 3823 1222 3876 inve-

195 3886 273 3955 congii
284 3887 338 3942 etse.
733 3891 864 3944 abtamur
879 3909 912 3945 ex
928 3891 1023 3945 dobree
1045 3909 1146 3974 quorum
1165 3893 1222 3957 alii,

233 3975 276 4021 53.
293 3959 415 4011 neminum
424 3958 507 4028 fiilio]
528 3963 687 4026 negaremus
733 3973 761 4013 ut
771 3961 1158 4033 milianigabantmrramlum
1167 3963 1220 4033 effe,

193 4025 303 4146 wellet
315 4028 372 4080 Cic.
385 4030 416 4080 de
427 4031 474 4080 Or.
489 4045 514 4089 2,
528 4034 571 4094 ⁶3,
589 4043 619 4082 ut
635 4031 685 4082 No·
726 4031 772 4098 jus
781 4042 835 4083 ram
846 4047 947 4111 nequam
956 4031 999 4100 effe
1010 4033 1152 4085 Verrinam.
1171 4033 1222 4086 Alii

236 4097 459 4166 oremOEulvinm)
474 4098 626 4152 Mobilierem
637 4103 683 4152 Ca·
731 4101 807 4152 etiam
838 4100 965 4154 riediorer
980 4112 1071 4154 erantr
1086 4103 1142 4172 std,
1160 4102 1221 4173 quia

192 4163 303 4216 redixit.
722 4099 845 4240 stomacl
865 4181 951 4231 antur,
961 4170 1058 4224 ridiculi
1066 4171 1220 4225 videbantur

230 4249 273 4300 55.
291 4235 368 4299 modo,
380 4237 493 4305 Herculi]
514 4241 584 4292 Verr.
596 4256 624 4305 4,
636 4255 680 4305 43.
731 4239 784 4308 effe,
794 4255 848 4292 tura
860 4240 1014 4296 Sacerdotem
1028 4240 1220 4304 eximebantur,

740 4306 827 4377 ebt
