2870 4916
381 381 549 477 msam.
574 389 981 496 ontroa.'trn.'1.‘5.
1152 404 1195 497 4⁴,-

123 573 131 614 ²
166 579 395 670 comparationes
409 591 442 644 et
453 577 690 668 superlationem
712 577 854 664 itemque
878 577 1043 666 inquibus
1085 583 1194 646 atrium

111 667 155 749 46
166 686 222 754 pro
232 665 380 752 poffefflvo
389 665 519 743 dicitur,
533 663 583 730 vel
599 676 719 728 contra.
762 663 850 727 Nam
866 665 980 728 vitium
992 595 1082 750 quod
1091 667 1126 730 fit
1140 691 1197 754 per

120 829 125 834 Ι
166 753 394 838 quantitatem,
409 763 447 814 ut
468 773 609 834 magnum
624 746 812 848 pemliolum,
826 761 919 812 erunt
932 749 988 835 qui
1000 751 1196 838 solecismum

116 860 122 880 ··
190 849 301 914 utent;
330 837 405 922 quia
419 857 476 922 pro
490 833 620 897 nomine
630 846 756 920 integro
767 833 900 932 positum
910 833 947 898 sit
961 833 1194 902 diminutumu.
1280 843 1287 858 ‘

165 857 242 1008 ligo
256 920 384 999 dubito,
401 943 441 984 an
456 919 488 982 id
511 918 698 1006 improprium
712 931 818 1004 potrus
837 917 1014 1016 appellem:
1037 920 1194 1020 significa·

112 1025 152 1089 47
168 1007 256 1069 tione
269 1006 355 1070 enim
371 1005 505 1069 deerrat.
530 1002 687 1088 Soloecismi
700 1024 794 1090 porro
810 1003 923 1066 vitium
938 1025 1002 1066 non
1017 1007 1063 1070 eil.
1073 1029 1107 1070 tn
1123 1005 1195 1070 sen-'

167 1091 215 1169 su,
231 1090 285 1154 sed
308 1091 341 1154 in
361 1088 545 1176 complexu.
589 1089 627 1150 ln
647 1087 805 1186 participio
830 1109 886 1174 per
905 1112 1011 1175 gertus,
1027 1103 1060 1154 et
1084 1093 1195 1178 casum,

168 1189 208 1239 ut
221 1173 254 1239 in
268 1174 444 1252 vocabulo;
468 1195 523 1259 per
547 1184 685 1259 tempora,
700 1185 738 1236 ut
757 1195 790 1235 m
813 1175 930 1251 verb03
954 1195 1009 1260 per
1032 1187 1195 1260 numerum,

116 1253 121 1266 ’
167 1259 255 1324 utin
275 1271 348 1324 utro
372 1279 424 1337 ue,
439 1271 601 1344 peccatur.
645 1258 806 1320 Pronomen
827 1279 956 1345 quoque
970 1283 1077 1346 genus,
1093 1285 1196 1325 trume-

169 1369 247 1423 mm,
263 1367 297 1408 ca
311 1283 467 1422 uslrabet,
477 1365 549 1430 quae
561 1341 834 1440 omniarecipiunt
849 1342 1029 1432 hujusmodi
1045 1365 1196 1411 errorem.

115 1428 157 1510 48
172 1429 269 1493 Fiunt
295 1429 377 1494 oloeci
391 1429 452 1506 mi3
476 1425 654 1516 etquidem
673 1427 813 1511 plurimi,
829 1449 885 1513 per
902 1441 1005 1513 partes
1019 1428 1195 1511 orationis3

171 1513 224 1579 sed
239 1515 275 1578 id
288 1514 357 1578 trad
377 1535 411 1578 re
424 1512 497 1578 satis
511 1533 575 1576 non
590 1512 645 1590 est,
660 1531 701 1574 ne
720 1511 766 1574 ita
779 1511 910 1576 demum
925 1511 1038 1580 vitium
1053 1513 1112 1580 esse
1127 1537 1197 1580 cre·

172 1599 228 1662 dat
241 1597 366 1685 puer,fi
389 1621 447 1686 pro
468 1597 531 1661 alia
557 1607 690 1683 ponatur
711 1595 784 1675 alia,
808 1609 845 1660 ut
866 1598 1002 1678 verbum,
1019 1599 1075 1662 ubi
1095 1619 1198 1665 nomen

116 1702 160 1771 49
173 1683 233 1749 effe
248 1684 407 1763 debuerit,
416 1681 467 1746 vel
475 1681 661 1759 adverbium,
674 1681 732 1745 ubi
743 1697 910 1768 pronomen,
920 1696 953 1746 et
968 1681 1089 1748 similia.
1111 1685 1199 1764 Nam

171 1767 245 1832 sunt
259 1769 406 1868 quaedam
425 1781 572 1867 cognata,
587 1778 626 1830 ut
648 1765 770 1845 dicunt,
784 1766 816 1830 id
842 1767 883 1830 est
902 1766 1040 1854 ejusdem
1058 1771 1197 1856 generis,

173 1852 353 1940 inquibus,
369 1852 424 1951 qui
438 1853 500 1916 alra
522 1851 635 1937 specie,
651 1873 749 1938 quam
769 1863 905 1938 oportet,
919 1865 1038 1934 utetur,
1055 1875 1119 1918 non
1134 1855 1198 1918 mi·

117 2011 121 2018 ⁴
173 1960 246 2017 nus,
265 1959 361 2025 quam
383 1939 449 2024 rpso
473 1957 590 2024 genere
608 1947 807 2022 permutata,
826 1937 1007 2023 deliquerit.
1050 1939 1137 2002 Nam
1164 1941 1199 2005 et

174 2035 272 2102 an,et
295 2036 361 2100 aut,
385 2021 626 2109 eonjundliones
650 2021 742 2097 sunt3
774 2021 857 2085 male
879 2034 986 2085 tamen
1009 2023 1128 2088 interro
1151 2034 1209 2106 ess

119 2122 163 2192 50
175 2109 232 2188 hic,
247 2119 302 2172 out
317 2107 448 2192 illefit?
470 2119 503 2170 et
524 2131 561 2170 ne
583 2127 620 2170 ac
641 2129 710 2182 non,
725 2105 894 2186 adverbia3
917 2105 1097 2206 quiutamen
1137 2123 1201 2176 icat

173 2215 232 2279 pro
255 2193 323 2272 illo,
336 2192 384 2255 Ne
394 2193 518 2278 feceris,
530 2191 599 2254 Non
615 2190 741 2276 seceris,
765 2191 798 2254 in
819 2191 904 2256 idem
925 2191 1046 2255 incidat
1070 2193 1197 2274 vitium,

95 2279 98 2287 '
174 2278 250 2363 quia
261 2278 397 2341 alterum
408 2275 547 2364 negandi
556 2276 605 2338 'est
615 2288 641 2353 Χ,
658 2274 794 2338 altemm
808 2275 946 2340 vetandi.
974 2277 1049 2340 Hoc
1063 2278 1200 2364 amplius

118 2367 122 2374 '
174 2363 251 2426 intro
265 2375 299 2428 ct
314 2364 405 2444 intus,
421 2361 486 2426 loci
500 2359 668 2426 adverbia:
692 2361 739 2424 Eo
754 2373 861 2425 tamen
877 2362 969 2442 intus,
984 2375 1017 2426 et
1031 2363 1199 2453 introsum,

438 2570 451 2595 ¹¹
470 2563 644 2612 diminutivum
655 2561 756 2610 G.Jens.
822 2568 833 2594 ¹
851 2580 892 2610 om.
904 2563 936 2611 G.

211 2742 230 2788 4
234 2743 258 2791 5.
267 2723 379 2794 patrium
383 2733 429 2794 pro
433 2723 665 2804 peffeffl]l’atrium,
705 2721 800 2790 fuerit.
817 2725 898 2795 Apud
909 2723 1038 2787 Plautum,
1047 2725 1205 2792 Ciceronem,

179 2797 245 2865 quod
266 2793 343 2864 vulgo
356 2805 547 2864 patrorprmmm
566 2809 665 2848 vocant.
714 2803 739 2843 et
752 2793 865 2846 Senecam
879 2794 976 2856 debuit,
993 2796 1076 2866 potuit
1091 2797 1203 2864 quidem,

180 2865 219 2916 De
239 2865 313 2929 huius
333 2877 358 2916 et
383 2863 499 2936 possessivi
520 2865 667 2918 differentiis
715 2871 762 2913 aut
772 2861 830 2927 esse,
848 2864 916 2934 apud
927 2862 1038 2916 Plinium
1049 2863 1082 2916 est
1092 2882 1135 2916 an.
1148 2867 1203 2922 Pii.

173 2933 259 2986 -nrulta
265 2933 405 2986 Priscianus
418 2933 462 2984 lib.
474 2951 500 2984 a.
511 2954 537 3004 p.
546 2939 575 3000 58
581 2952 605 3000 5.
617 2933 666 3014 seq.
716 2932 752 2983 nii
760 2932 877 2997 junioris,
890 2944 914 2984 et
924 2949 972 2983 non
984 2932 1064 2984 multo
1072 2936 1203 3000 majorum,

181 3001 353 3073 Patrorpmica
389 3002 423 3054 ios
434 2999 481 3054 vel
489 3013 583 3074 nepotes
590 3003 680 3072 ſsgm«
717 3018 821 3053 errorem
848 3001 945 3054 accusat
972 3004 1076 3056 Fabius.
1118 3006 1204 3059 Nolim

171 3070 272 3140 'ficant5
284 3070 345 3142 poffe
368 3089 408 3122 va
424 3080 506 3123 autem
527 3091 573 3124 non
589 3073 669 3144 solum
717 3070 872 3123 certevirum
884 3072 919 3123 ita
929 3071 1055 3124 emti-itum
1067 3083 1206 3134 temereea-

174 3139 250 3209 filios,
278 3141 310 3191 ed
326 3139 470 3210 omniaque
484 3139 573 3210 poffunt
590 3141 670 3210 effein
717 3141 781 3191 roris
800 3140 826 3192 in
844 3151 896 3192 arte
909 3140 951 3192 sua
969 3141 1098 3212 postulare.
1135 3147 1205 3204 Quot

179 3209 239 3280 pqffe
291 3211 377 3262 edre.
413 3209 570 3262 Possesstvum
585 3211 619 3264 est
633 3213 668 3262 V.
717 3207 773 3261 sunt
794 3208 901 3262 solennes
923 3209 1044 3262 librorum
1066 3217 1206 3282 corruptio-

183 3279 222 3331 G.
235 3279 384 3332 Evandrius
394 3279 460 3347 enfis.
717 3285 778 3330 nes?
801 3291 826 3330 et
846 3297 889 3331 cur
911 3280 1038 3332 accusasset
1055 3283 1206 3354 Qineiilia-

219 3365 261 3414 50.
272 3346 319 3410 hic,
327 3347 416 3400 auxilie
421 3348 466 3416 fit]
478 3348 503 3400 Si
510 3349 603 3410 videos,
613 3361 671 3418 qua!
718 3364 777 3409 nus,
794 3346 838 3400 nist
855 3350 979 3403 committi
995 3349 1038 3402 illa
1058 3361 1131 3404 aetate
1147 3371 1204 3406 con·

182 3417 271 3470 hacde
288 3429 410 3470 recontra
421 3419 529 3470 Fabium
544 3420 671 3490 disputata
720 3417 845 3470 screvisset?
882 3467 886 3475 ,
1029 3475 1033 3492 Ι

183 3488 248 3548 sunt,
260 3505 292 3558 ap
311 3488 400 3548 ambit,
412 3485 557 3558 pierumque
570 3488 671 3540 vitiosoe
757 3504 799 3552 50.
816 3486 881 3540 intro
900 3498 924 3540 et
940 3485 1018 3552 intus]
1038 3487 1106 3540 Cum
1124 3501 1207 3543 tamen

182 3557 279 3610 codices
291 3505 396 3618 limari,
407 3569 454 3608 aur
463 3574 491 3608 ea
501 3557 556 3609 loca
566 3558 611 3609 ubi
622 3557 671 3610 dis-
714 3553 786 3608 intus
801 3557 941 3621 interiorem
957 3557 1147 3628 domucpartem
1159 3559 1174 3611 fi
1194 3593 1207 3604 -

175 3625 275 3692 ‚junctio
292 3624 334 3685 est,
345 3643 393 3677 non
404 3625 532 3679 dubitatio
541 3627 580 3677 vel
597 3628 673 3679 inter-
718 3625 813 3688 nificet,
834 3624 899 3678 intus
920 3626 976 3678 duci
994 3627 1087 3678 dicitur
1102 3578 1208 3698 Myrrlia

183 3695 290 3765 rogatio.
310 3695 344 3744 V.
352 3694 389 3746 G.
403 3693 488 3747 Plaut.
501 3695 596 3748 Bacch.
609 3713 632 3756 1,
646 3714 672 3756 2,
720 3694 797 3746 ovid.
812 3695 876 3746 Met.
892 3714 933 3758 ro,
945 3713 1014 3762 457:
1034 3707 1059 3747 et
1070 3696 1125 3748 sunt
1137 3699 1210 3766 plura

185 3781 229 3829 54.
249 3763 306 3816 ‘sibi
315 3779 367 3832 ego,
378 3773 424 3816 aut
431 3773 458 3816 tu
469 3763 528 3816 mihi
529 3767 625 3835 servus
637 3781 672 3816 es.
722 3762 747 3815 id
756 3777 894 3834 genustum
904 3767 928 3818 in
937 3766 1060 3817 Fabriano
1067 3767 1208 3832 Thesauro,

184 3833 241 3886 Cic.
259 3851 305 3903 pro
321 3833 397 3885 Rosc.
411 3835 475 3886 Arn.
494 3852 538 3885 21.
558 3833 674 3903 Qaeffle,
722 3843 777 3884 tum
789 3849 804 3884 a
814 3833 957 3888 Burmanno
968 3834 1061 3889 adini.
1070 3835 1208 3890 observata.

174 3919 242 3954 mum
263 3902 305 3954 ille
326 3911 373 3953 aut
391 3901 431 3954 ille
452 3903 591 3984 defensurus
610 3903 672 3972 esset.
723 3902 848 3954 Caeterum
866 3905 963 3955 videtur·
979 3904 1080 3956 Lucilio
1090 3906 1152 3957 hanc
1164 3908 1211 3958 ob·

186 3973 240 4023 Sen.
248 3973 279 4023 de
288 3971 415 4023 Constant.
426 3989 452 4037 5.
466 3975 551 4041 Cogita
559 3989 630 4033 nunc,
640 3989 675 4024 an
721 3971 879 4022 servationem
891 3984 920 4024 ut
926 3971 1009 4043 plures
1019 3975 1057 4043 (v.
1065 3992 1092 4043 g.
1105 3993 1129 4036 r,
1140 3978 1165 4038 6,
1180 3977 1210 4044 8)

185 4039 239 4092 huic
243 4039 303 4109 fier,
314 4049 361 4091 aut
371 4040 542 4102 caumniator,
553 4051 598 4092 aut
609 4040 675 4093 vici·
721 4039 809 4092 debere
829 4041 932 4103 Fabius,
957 4043 1027 4106 eujus
1050 4061 1081 4096 ex
1104 4043 1210 4098 Charisii

186 4109 674 4180 mespotens,auidioesaliquis&c.Plio.
725 4127 750 4160 r.
763 4109 844 4162 versus
860 4112 896 4162 ita
913 4112 1018 4164 restituit
1029 4113 1072 4164 Fr.
1089 4114 1173 4166 Dousa
1184 4116 1211 4168 in

185 4180 243 4242 maj.
259 4197 285 4242 7.
295 4195 336 4248 pr.
348 4178 466 4236 editiones
475 4181 576 4248 optimae
583 4188 676 4248 parens
723 4179 827 4246 Reliqu.
848 4198 924 4246 9,12.
943 4179 1011 4234 Nam
1026 4181 1099 4234 velut
1109 4183 1210 4239 lurito

186 4247 271 4302 mlier
285 4245 384 4310 bomini,
403 4265 438 4302 an
457 4247 546 4319 triliior
565 4263 676 4302 noverca
724 4247 795 4302 aliud
804 4247 871 4317 longe
888 4249 929 4319 effe
945 4260 1018 4320 atque
1031 4256 1118 4304 mru·
1137 4251 1210 4304 vida*-
