3022 4920
424 409 592 476 INSTIT.
612 409 817 475 ORATOR.
840 413 923 474 LIB.
946 415 985 475 11.
1011 427 1055 494 ¹5·
1199 433 1254 491 123
1317 375 1321 384 i

222 583 484 671 compledluntur
502 580 733 646 inventionem.
779 578 877 644 Quod
894 579 1007 642 vitium
1024 577 1151 664 fugiens
1165 581 1256 645 The-

217 670 340 743 odorus
352 685 376 747 θ,
390 671 454 732 vim
473 681 562 755 putot
576 666 747 730 inveniendi
762 680 788 728 et
804 665 962 752 eloquendi
977 689 1041 728 cnm
1065 680 1172 730 ornatu
1193 691 1256 730 cre-

169 756 344 846 17dilrilin,
375 755 407 817 in
437 754 513 818 omni
530 753 679 815 oratione.
724 751 788 815 Sed
816 773 889 814 cum
916 751 1029 814 eodem
1059 752 1157 816 modo
1187 775 1256 816 cre-

222 842 347 920 dibilia,
363 861 428 926 quo
444 837 664 925 persuasibilia,
680 837 776 900 etiam
794 858 856 898 non
871 851 978 899 orator
992 836 1153 901 iuveniat:
1174 838 1257 924 adji-

157 940 161 954 '
224 927 354 1002 ciendo,
370 927 401 988 in
417 925 494 987 omni
513 924 652 996 oratione,
669 923 772 1009 magis
795 944 890 1008 quam
907 923 1091 1007 superioreS,
1108 925 1259 988 concedit

224 1013 340 1076 scelera
362 1033 490 1096 quoque
515 1008 772 1094 persuadentibus
785 1007 804 1084 f,
822 1007 1043 1092 pulcherrimae
1058 1008 1103 1071 rei
1128 1031 1257 1074 nomen.

172 1102 212 1168 18
225 1098 365 1184 Gorgias
380 1096 463 1182 apud
479 1096 653 1168 Platonem,
670 1093 874 1180 persuadendi
887 1103 899 1141 ⁸
914 1091 944 1155 se
959 1091 1110 1157 artificem
1128 1095 1159 1157 in
1170 1094 1259 1194 judi-

226 1183 296 1260 ciis,
312 1195 344 1244 ot
359 1182 428 1245 aliis
452 1181 591 1244 coetibus
612 1178 672 1244 effe
693 1181 749 1256 ait,
766 1179 806 1242 de
821 1177 912 1264 justis
935 1199 1064 1264 quoque
1086 1191 1120 1242 et
1137 1179 1259 1267 injustis

226 1267 381 1332 tradere:
413 1265 463 1330 cui
490 1267 632 1340 Socrates
653 1263 861 1352 persuadendi,
881 1285 944 1326 non
967 1264 1088 1326 docendi
1109 1267 1261 1330 concedit

58 1345 68 1353 ”
174 1351 423 1445 19sacultatem.
469 1351 536 1416 Qui
567 1371 641 1420 ¹nero
665 1373 729 1413 non
754 1347 864 1414 omnia
892 1346 1102 1434 subjiciebant
1128 1353 1258 1429 oratori,

226 1439 389 1502 sollicitius
412 1459 449 1500 ac
475 1437 643 1514 verbosius,
660 1449 698 1499 ut
722 1434 843 1498 necesse
867 1447 944 1511 erat,
960 1434 1174 1498 adhibuerunt
1195 1437 1258 1500 dis-

227 1524 380 1588 crimina:
404 1543 543 1610 quorum
558 1521 620 1584 suit
634 1521 771 1597 Ariston,
787 1519 920 1582 Critolai
942 1519 1141 1605 Peripatetici
1163 1522 1258 1586 disci-

227 1609 333 1694 pulus,
349 1609 439 1693 cujus
455 1607 508 1670 hic
523 1606 592 1670 finis
607 1608 659 1686 esi,
685 1607 805 1676 scientio
820 1605 945 1667 videndi
959 1618 987 1666 et
1000 1607 1112 1692 egendi
1126 1607 1158 1669 in
1172 1631 1258 1694 quer-

151 1731 153 1734 ·
175 1717 217 1765 20
217 1693 363 1780 stionilrus
378 1693 516 1758 civilibus
534 1707 589 1778 per
604 1677 760 1756 orationem
777 1691 928 1778 popularis
943 1691 1145 1788 persuastonis.
1191 1694 1260 1758 Hic

217 1780 387 1867 seientiam,
400 1779 476 1865 quia
493 1777 716 1864 Peripateticus
731 1779 784 1854 eti,
799 1797 862 1838 non
878 1789 914 1838 ut
932 1775 1032 1839 Storci
1047 1776 1172 1842 uirtutis
1187 1779 1260 1844 loco

227 1867 340 1950 ponit:
376 1863 547 1950 popularem
575 1869 681 1932 autem
711 1860 1011 1947 comprehendendo
1036 1863 1259 1948 persnnſsonem,

227 1950 323 2014 etiam
335 1949 600 2014 contumeliosush
610 1951 652 2012 est
663 1945 809 2011 adversus
818 1961 917 2010 artem
929 1946 1050 2021 orandi,
1066 1969 1162 2031 quam
1178 1950 1261 2014 nihil

226 2050 319 2122 putat
343 2035 445 2099 dottis
469 2034 692 2120 persuasuram.
738 2032 822 2096 Illud
845 2032 884 2095 de
907 2033 1069 2111 omnibuS,
1096 2034 1151 2120 qui
1178 2035 1262 2098 circa

228 2121 337 2184 civiles
353 2120 484 2184 demum
509 2121 696 2206 quaestiones
710 2131 867 2181 oratorem
884 2117 1033 2203 judicant
1051 2119 1174 2198 verlini,
1192 2119 1260 2182 dic-

194 2273 198 2280 ,
228 2219 299 2270 tum
325 2207 371 2283 fit,
396 2205 524 2268 excludi
549 2206 588 2268 ab
617 2205 666 2268 bis
690 2204 827 2289 plurima
852 2205 985 2267 oratoris
1010 2203 1136 2268 officia:
1173 2205 1261 2269 illam

230 2306 315 2356 certe
340 2291 533 2354 laudativam
560 2302 662 2370 totam,
689 2312 762 2374 quae
789 2291 831 2353 est
859 2289 1032 2359 rhetorices
1057 2312 1127 2375 pars
1154 2291 1260 2356 tertia.

177 2400 214 2450 21
229 2377 366 2441 Cautius
387 2375 577 2440 Theodorus
601 2375 775 2453 Gadareus,
793 2387 829 2438 ut
846 2374 914 2460 jam
940 2375 979 2437 ad
1002 2397 1057 2438 eos
1083 2375 1260 2456 veniamus,

231 2463 286 2550 qui
310 2475 403 2526 ortem
425 2461 554 2560 quidem
577 2461 636 2525 esl'e
651 2483 733 2538 eam,
748 2460 873 2523 sednon
888 2459 1040 2540 virtutem,
1057 2473 1261 2545 putaverunt.

230 2551 280 2612 Ita
303 2547 493 2628 euimtdrcit
519 2551 569 2631 (ut
592 2547 661 2632 ipsis
687 2569 798 2609 eorum
824 2546 927 2610 verbis
951 2559 1032 2623 utar,
1057 2546 1112 2630 qui
1139 2545 1200 2610 boc
1221 2569 1261 2612 ex

231 2636 347 2699 Graeco
362 2631 598 2711 transtulerunt)
617 2633 683 2695 Ars
697 2632 859 2710 inventrix,
875 2643 903 2696 et
930 2631 1097 2709 'udicatrix,
1112 2645 1140 2694 et
1165 2657 1261 2695 enon-

230 2721 338 2783 tiatrix
351 2717 486 2781 deeen'te'i
511 2718 641 2781 ornaret
652 2719 817 2803 feriendum
836 2655 1003 2801 maresonem
1012 2719 1024 2758 ¹·
1041 2719 1114 2804 ejus,
1130 2720 1210 2804 qaod
1229 2718 1263 2782 in

178 2821 343 2892 aequoque
367 2802 458 2892 potest
476 2804 559 2889 sumi
581 2803 778 2890 persuasibile,
805 2805 837 2864 in
865 2802 991 2864 materie
1021 2801 1116 2865 ciuili.
1162 2805 1264 2866 Item-

200 2923 202 2930 >
232 2913 296 2978 que
326 2888 645 2967 Cornelius‘Celsus,
676 2887 732 2974 qui
759 2887 854 2950 linem
882 2886 1068 2956 rhetorices¹
1084 2887 1140 2966 ait,
1169 2889 1264 2952 dicere

228 2975 456 3063 persuofibiliter
477 2974 508 3038 in
538 2973 641 3050 dubia,
671 2986 732 3035 etm
755 2971 840 3036 cioz'ti
861 2973 997 3037 necteria.
1043 2973 1265 3039 Quibos'tunt

231 3083 297 3124 non
324 3059 498 3137 dissimiles,
522 3060 576 3144 qui
606 3060 645 3121 ab
677 3057 746 3121 aliis
772 3058 940 3122 traduntur
948 3057 1091 3142 3-qualis
1120 3060 1163 3122 est
1194 3061 1263 3139 ille,

237 3146 291 3210 Vn
306 3145 423 3209 dicendi
437 3158 464 3207 et
480 3143 630 3230 eloquendi
646 3145 778 3206 derebus
797 3142 935 3206 civilibus
949 3143 1094 3230 subjettis
1105 3143 1180 3226 fibi,
1199 3170 1263 3208 cnm

227 3231 576 3319 'quednmpersuusionn
600 3242 628 3293 et
649 3231 775 3316 quodam
802 3229 927 3315 corporis
953 3229 1069 3307 habito,
1100 3241 1127 3292 et
1156 3255 1263 3310 eorum,

181 3338 303 3405 23quae
317 3317 392 3380 diret
404 3328 427 3393 ⁰,
441 3315 689 3402 pronuntiatione.
709 3377 713 3384 ,
732 3312 827 3377 Mille
846 3313 917 3391 alia,
934 3313 985 3376 sed
1000 3329 1056 3377 aut
1071 3314 1193 3394 eadem,
1209 3329 1266 3380 aut

235 3423 274 3466 ex
288 3401 404 3465 eisdem
421 3402 608 3484 composita:
633 3401 751 3487 quibus
774 3399 865 3476 item,
881 3421 954 3462 cum
981 3399 1021 3461 de
1043 3401 1176 3464 materia
1190 3401 1264 3464 rhe-

233 3487 351 3552 torices
365 3485 539 3552 dicendum
554 3487 625 3566 erit,
640 3484 911 3572 respondebimus.
955 3485 1098 3549 Quidam
1121 3507 1191 3549 eam
1207 3508 1265 3550 ne·

232 3697 235 3704 ⁴
270 3690 407 3738 *Eudorus
419 3690 449 3735 G.
467 3700 488 3736 et
504 3688 579 3750 plures
598 3697 635 3748 ap.
653 3689 733 3736 Burin.
761 3689 876 3736 Eudoxus
892 3687 964 3736 Andr.
976 3689 1037 3750 apud
1052 3690 1114 3736 eund.
1142 3691 1206 3736 Forte
1220 3689 1269 3750 fuit

231 3757 388 3814 Theudotus,
401 3765 425 3799 ur
434 3754 567 3814 Theopolis
579 3752 699 3814 etfimilia.
780 3751 789 3781 f
805 3753 957 3800 suadentibus
970 3754 1001 3799 G.
1088 3762 1098 3790 ὕ
1117 3755 1222 3802 suadenti
1235 3755 1267 3803 G.

236 3821 300 3868 Jens.
354 3816 378 3854 ·¹²
395 3818 591 3866 contumeliosius
602 3818 632 3863 G.
699 3815 811 3863 idicente
824 3828 908 3864 ornatu
921 3819 976 3863 terri
990 3828 1065 3865 ment.
1077 3819 1139 3866 lens.
1198 3821 1269 3866 lor.

238 3896 324 3936 natum
337 3884 378 3932 G:
465 3883 472 3914 ¹
490 3884 529 3930 Sic
541 3883 612 3929 MSS.
630 3892 651 3926 er
668 3881 721 3926 Iitn'
737 3894 779 3943 ope.
798 3882 963 3929 inventionem
975 3883 1029 3929 Ale.
1047 3885 1100 3949 Bes.
1118 3884 1268 3932 mentionem

233 3950 302 3998 dens.
368 3955 387 3979 ¹¹¹
405 3948 443 3996 vel
456 3949 486 3995 G.
498 3948 561 3995 tens.
626 3947 714 3994 ndicit
725 3947 757 3994 G.

277 4147 322 4179 ar.
345 4128 477 4197 secundnm
499 4124 636 4192 menfirnem
664 4128 728 4195 ejns]
781 4127 816 4177 its
837 4124 1013 4188 reddiderunt3
1035 4127 1180 4194 quoslinnrl
1194 4130 1270 4185 ridere

242 4198 316 4251 Forte
327 4197 376 4250 suit
394 4200 421 4249 in
438 4198 530 4248 Graeca
542 4196 654 4247 finitione
671 4199 733 4242 nard
781 4195 843 4247 sorte
856 4196 934 4248 voluit
947 4196 1051 4252 Fabius.

237 4269 330 4332 paingor,
350 4268 418 4338 quod
437 4266 481 4320 lidi
501 4267 576 4319 nimis
588 4268 731 4337 interpretes
