3000 4908
387 278 562 402 lNSTIT.
583 337 786 402 ORATOR.
807 337 950 446 mulv.
974 357 1020 404 ιο.
1183 347 1247 425 ²72

211 505 295 586 dini,
308 503 469 572 videntur.
513 503 603 570 Locos
615 502 753 590 appello,
769 493 846 585 non,
861 513 899 570 ut
919 504 1019 594 vulgo
1039 527 1126 572 nunc
1144 503 1244 574 intel-

212 590 371 679 liguntur,
384 605 431 669 ut,
448 590 499 654 in¹
514 587 671 668 luxuriem,
685 601 719 654 et
733 590 923 670 adulterium,
938 605 973 656 et
987 591 1113 672 finilia,
1128 591 1243 680 sedse-

155 683 160 688 “
214 679 265 740 des
280 689 531 762 argumentorum,
547 675 579 738 in
594 675 698 761 quibus
713 674 820 754 laterrt,
833 687 863 738 et
877 700 913 742 err
927 675 1033 762 quibus
1042 678 1121 762 sunt
1139 691 1241 764 peten-

161 777 198 822 21
214 763 269 826 da.
313 763 413 838 Nam,
428 760 511 824 utin
526 773 610 824 terra
630 782 696 824 non
719 759 809 824 omni
831 775 1025 846 generantur
1048 761 1167 842 omnia,
1180 783 1243 830 neo

165 871 168 875 ·
212 868 306 912 avem
320 859 377 912 aut
390 846 489 910 feram
503 844 648 930 reperias,
663 843 722 908 ubi
736 867 871 934 quaeque
886 845 968 910 nasci
983 857 1039 910 aut
1052 847 1168 912 morari
1189 847 1241 912 so·

209 930 290 1009 leat,
303 930 455 1018 ignarus3
478 943 512 994 et
526 929 659 1016 piscium
696 951 803 1015 uoque
823 951 942 1017 genera
959 930 1021 994 alia
1034 931 1138 1018 planis
1158 953 1242 1018 gau-

215 1016 306 1096 dent,
328 1016 390 1082 alia
410 1016 537 1094 saxofiS,
555 953 742 1101 regionibus
761 1015 858 1080 etiam
882 1013 1089 1102 litoribusque
1113 1017 1245 1084 discreta

214 1103 299 1180 sunt,
326 1123 386 1166 nec
409 1101 557 1187 helopem²
584 1099 686 1164 nostro
711 1101 803 1179 mari,
818 1113 875 1166 aut
897 1099 1041 1169 scarumb
1054 1099 1174 1168 ducas:
1196 1101 1245 1168 ita

215 1209 280 1252 non
294 1209 390 1252 omne
405 1209 439 1270 ar
457 1235 459 1240 .
485 1197 629 1250 mentum
644 1183 785 1270 undique
800 1185 909 1264 venit;
931 1183 1066 1270 ideoque
1087 1207 1151 1250 non
1171 1185 1242 1272 pas-

162 1286 202 1334 22
216 1273 270 1336 firn
296 1294 426 1358 quaeren
450 1294 506 1336 um
529 1272 583 1336 eli.
626 1270 756 1336 Multus
778 1268 897 1354 alioqui
919 1291 1004 1343 error
1028 1271 1107 1349 est‘,
1129 1283 1164 1336 et
1184 1293 1243 1336 ex·

214 1357 325 1422 hausto
339 1357 460 1435 labore,
475 1355 563 1441 quod
577 1376 642 1418 non
656 1355 779 1422 ratione
800 1352 1018 1434 scrutabimur,
1032 1374 1098 1418 non
1122 1355 1242 1456 poteri·

215 1463 288 1506 mue
311 1442 465 1519 invenire,
481 1441 535 1506 nisr
559 1439 641 1502 casu.
685 1439 742 1517 At,
757 1440 778 1502 fi
792 1438 954 1504 scierimus
965 1440 1064 1517 d,ubi
1078 1440 1244 1528 qurdquee

216 1527 379 1600 nascatur:
404 1548 479 1590 cum
494 1525 534 1588 ad
548 1524 656 1588 locum
678 1537 810 1588 ventum
832 1524 904 1603 erit,
919 1523 1024 1603 facile,
1039 1523 1126 1612 quod
1148 1525 1182 1590 in
1204 1547 1245 1592 eo

163 1624 202 1690 23
217 1613 260 1676 est
274 1611 294 1688 f,
310 1610 558 1696 pervidebimus.
603 1608 766 1695 Inprimis
789 1608 890 1696 igitur
913 1621 1103 1760 arffumenta
1123 1609 1203 1698 saepe
1224 1635 1262 1676 a·

149 1748 152 1758 ,
213 1696 338 1796 persono
353 1694 501 1760 ducenda
521 1695 616 1758 sunta
640 1715 715 1758 curn
737 1693 784 1773 fit,
799 1705 837 1758 ut
851 1693 929 1773 dixi,
967 1694 1064 1774 ivilm,
1079 1708 1117 1760 ut
1137 1695 1247 1764 omniu

216 1803 250 1846 rn
278 1779 349 1844 haec
374 1780 440 1844 duo
464 1779 647 1866 partiamur,
671 1802 717 1840 res
742 1791 839 1865 atque
858 1780 1043 1866 personas:s
1073 1793 1111 1845 ut
1135 1781 1247 1868 cauffir,

214 1879 341 1953 tempus,
365 1864 460 1942 lorum
484 1889 549 1930 ocra
562 1889 601 1942 ro,
624 1861 853 1949 irssrumarrtum,
869 1865 980 1945 modus,
1001 1876 1035 1930 et
1058 1877 1175 1945 cetera,
1194 1888 1247 1932 ro·

216 1973 289 2014 rum
308 1950 387 2014 snrth
409 1949 598 2014 accidentia.
642 1949 777 2034 Personis
791 1961 900 2012 autem
920 1971 997 2028 nou,
1013 1949 1171 2036 quidquid
1190 1972 1246 2016 ao-

219 2035 309 2115 cidit,
336 2033 568 2120 exsequendum
593 2032 674 2098 mihi
698 2033 751 2112 est,
777 2045 814 2100 ut
836 2033 979 2120 plerique
999 2033 1155 2115 fecerunt,
1181 2035 1247 2117 sed,

166 2133 209 2195 24
220 2120 305 2186 unde
327 2135 516 2218 argumenta
538 2119 620 2184 sumi
645 2116 781 2204 poliunt.
824 2120 872 2186 Ea
895 2140 987 2204 porro
1017 2117 1102 2198 sunt,
1132 2121 1249 2202 Genus,

220 2228 294 2270 narn
314 2205 430 2270 srnules
442 2205 625 2292 parentibus
639 2225 677 2267 ac
691 2201 886 2290 majoribus¹
907 2202 969 2268 suis
983 2203 1040 2274 filii
1061 2203 1250 2292 plerumque

219 2291 394 2356 creduntur
406 2313 416 2368 3
440 2304 474 2354 et
497 2295 737 2375 nonnumquam
760 2285 801 2352 ad
825 2288 953 2354 honeste
977 2289 1176 2378 turpiterque
1197 2290 1248 2356 vi·

219 2375 360 2440 rendum
375 2373 451 2442 inde
465 2373 714 2440 caussae'fluunte
739 2371 842 2452 Natio,
858 2395 932 2438 narn
954 2387 995 2438 et·
1007 2375 1159 2460 gentibus
1174 2397 1250 2463 pro-

219 2461 280 2544 prii
294 2480 399 2524 mores
421 2459 504 2537 sunt,
521 2481 579 2524 neo
600 2457 686 2524 idem
711 2458 745 2520 in
769 2459 921 2536 Barbaro,
937 2458 1094 2540 Romanu,
1118 2462 1249 2540 Graeoo,

160 2554 208 2626 '25
221 2542 383 2642 probabile
396 2544 454 2608 est:
472 2545 596 2621 Patria,
611 2542 686 2630 quia
699 2541 839 2606 fimiliter
852 2542 950 2608 etiam
964 2543 1131 2610 civitatum
1145 2543 1249 2631 leger,

220 2627 373 2706 instituta,
388 2627 554 2714 opiniones
573 2629 694 2692 habent
715 2626 946 2692 differentiam:
970 2627 1076 2708 Serus,
1090 2641 1129 2694 ut
1146 2629 1249 2696 latro·

220 2712 344 2788 cinium
368 2711 493 2784 facilius
516 2713 551 2778 in
576 2713 655 2792 viro,
677 2711 886 2778 veneficium¹
913 2712 947 2778 in
974 2711 1093 2784 femina
1115 2713 1249 2782 credaut

256 2939 328 2979 ὀνκ.
339 2931 371 2980 G.
435 2929 577 2992 ¹holopom
588 2930 620 2979 G.
684 2928 826 2978 bsouurmn
836 2930 867 2979 G.
879 2931 942 2980 leus.
1005 2933 1116 2982 erno.
1176 2929 1253 2982 dsci.

214 2998 375 3056 ,remuslens
440 2995 580 3056 rqnodque
592 2997 623 3044 G.
689 2991 757 3041 'erit
769 2997 800 3044 G.
810 2995 873 3044 Jens.
939 3001 1004 3044 ‘res
1014 2995 1055 3061 ins.
1064 2997 1097 3046 G.
1167 2993 1254 3049 hsunt

221 3063 286 3112 Jens.
351 3060 525 3140 *morboso
594 3058 928 3124 ¹quumomssoreneficium
940 3060 971 3108 G.

259 3257 303 3290 ar.
322 3238 554 3308 helopem-scarum
564 3236 653 3301 ducas]
665 3236 711 3287 du·
760 3254 828 3288 oram
848 3237 946 3307 sparsos
963 3236 1172 3310 diffiminatrffque,
1187 3239 1252 3320 post.

222 3325 265 3360 cas
276 3308 323 3359 hoc
334 3309 367 3360 est
378 3309 477 3360 educar.
496 3308 621 3360 Caeterum
633 3305 712 3358 Colu-
760 3322 792 3358 ea
801 3307 950 3375 frequenter
959 3306 1072 3361 inveniri
1081 3309 1164 3362 ltalia
1182 3328 1209 3364 m
1220 3311 1253 3363 12·-

224 3376 297 3428 mella
309 3382 335 3437 8,
350 3380 392 3437 16,
407 3396 449 3444 19.
476 3376 564 3444 Helops
575 3374 713 3444 Pamphylio
754 3383 822 3438 tore,
834 3392 880 3427 non
891 3385 967 3426 antea
983 3377 1019 3428 ibi
1035 3387 1116 3448 captos
1134 3399 1159 3447 9,
1174 3398 1217 3444 17.
1229 3381 1251 3434 s.

221 3445 714 3525 prqsundo‚necaliopascitur.-Scarrrs
763 3464 807 3495 2.
843 3446 884 3498 De
904 3446 1075 3522 Qinlliliano
1092 3465 1141 3500 non
1163 3451 1253 3517 miror,

215 3525 297 3568 -totrus
308 3515 367 3581 Aſse
383 3517 534 3593 Graeciaque
548 3515 657 3566 litoribus
674 3517 729 3574 So.
763 3467 835 3566 illum
847 3513 893 3566 bor
911 3516 1046 3584 ignoraller
1064 3517 1095 3568 de
1112 3516 1254 3578 Columella

224 3584 283 3638 cilia
293 3583 570 3654 tenussrequmrffinrur
580 3583 642 3644 exit,
654 3601 713 3634 nun-
763 3585 849 3644 miror,
860 3584 905 3651 qui
922 3584 1023 3648 adjiciat
1040 3585 1182 3655 praesertim,
1198 3585 1252 3654 lta·

221 3671 299 3723 quam
309 3653 336 3706 in
347 3653 550 3724 Ligusticum,nec
558 3661 606 3721 per
616 3651 715 3704 Gallias
762 3669 807 3730 que
817 3670 847 3704 ne
857 3651 883 3717 ſs
899 3652 965 3730 capti
982 3653 1076 3723 quidem
1088 3653 1253 3723 perferantur

216 3722 317 3778 emt
333 3725 369 3776 ad
387 3721 528 3776 Hibericum
540 3737 616 3774 mare.
636 3720 714 3773 Colu·
755 3738 789 3774 ⁴m
805 3739 833 3772 na
852 3739 884 3774 ra
900 3721 1025 3785 vivaria,
1036 3723 1148 3776 diuturni
1163 3733 1253 3794 queant

225 3793 324 3846 mellum
343 3793 423 3862 igitur
445 3791 514 3844 srmul
538 3801 608 3844 notat
631 3790 715 3859 Scipio
758 3799 790 3858 po
829 3789 876 3842 eri.

227 3861 338 3916 Gentilis
349 3859 504 3931 ad-Apuleii
521 3859 550 3912 A
583 3859 674 3929 logium
686 3876 712 3912 n.
799 3877 843 3924 ²³·
860 3869 889 3912 ut
898 3858 966 3926 dixi]
985 3862 1064 3940 Supra
1077 3881 1103 3929 5,
1116 3868 1143 3926 8,
1153 3881 1181 3928 4.

219 3947 289 3998 419·
310 3949 367 3983 cnm
384 3931 493 3983 nostrum
503 3947 550 3999 neg
561 3930 660 3999 igentia
671 3945 716 3980 eu·
799 3947 844 3994 25.
862 3929 1157 4000 veneficiumrnsemirra]
1175 3934 1253 3992 Simi-

224 3999 320 4063 jusdam
340 4001 446 4062 accusat,
466 4000 512 4067 qui
527 4017 598 4068 aeque
614 4015 643 4049 uc
663 3997 717 4051 Pli·
764 3997 821 4050 liter
832 4010 1018 4067 argumentatur
1029 4002 1150 4054 Horatius
1159 3997 1253 4068 Satn,

180 4091 182 4095 ·
218 4069 285 4120 ,nius
305 4069 365 4122 scire
376 4070 492 4138 potuerit,
505 4066 600 4120 ‘Tiberio
617 4065 718 4120 Claudio
768 4085 794 4127 r,
808 4084 851 4132 53.
869 4083 1021 4137 quamquam
1038 4087 1087 4122 non
1104 4069 1255 4137 desemine,

228 4135 340 4204 Principe
341 4140 427 4206 scaros
437 4136 591 4205 eCarpathr'r
599 4135 665 4188 mari
672 4137 718 4188 ad-
767 4138 866 4189 Scaevae
875 4135 999 4189 vivacem
1013 4140 1083 4192 crede
1099 4142 1177 4220 nepoti
1190 4141 1254 4196 Ma.
1332 4141 1343 4169 ²⁴

227 4209 311 4260 vertor
321 4205 386 4284 inter
397 4207 523 4288 opimstm
533 4215 559 4260 et
575 4205 720 4274 Campania
768 4213 850 4272 trem,
867 4204 993 4275 adfarier
1002 4207 1154 4282 solempna
1168 4211 1254 4268 deeo-

770 4293 830 4360 T4
