3024 4912
249 397 304 484 152
475 397 1026 462 unamrournorumnr

246 557 382 651 ra',q1tae
405 563 546 652 plerique
567 563 753 644 desiderant,
768 563 869 629 sciens
882 561 1039 628 omifislet.
1083 555 1209 650 Scrtp'fit'
1231 561 1272 628 de
1286 578 1324 628 tr

246 649 358 714 eadem
383 652 514 714 materia
535 671 600 714 non
625 672 726 736 pauca
740 649 941 728 Cornificius,
957 649 1063 736 aliqua
1087 649 1271 729 Stertinius,

248 736 395 801 nonnihil
419 738 507 800 Pater
523 733 651 800 Gallio:
673 735 876 800 accuratius¹
895 755 969 798 vero
982 733 1101 820 priores
1124 733 1274 799 Gallione

249 820 359 885 Celsus
373 831 406 885 et
421 823 536 899 Lenos,
551 832 584 884 et
598 819 698 884 aetatis
712 821 821 884 nostrae
835 819 1015 905 Virginius,
1030 817 1161 896 Plinius,
1177 819 1273 882 Ruti·

247 904 322 970 lius.
335 917 350 946 ¹
387 908 470 970 Sunt
482 917 516 968 et
531 903 627 969 hodie
641 903 716 970 clari
729 903 867 992 ejusdem
881 903 984 990 operis
998 903 1153 982 austures,
1168 904 1236 990 qui,
1252 905 1272 967 li

248 992 359 1055 omnia
383 989 540 1076 complexi
565 988 681 1068 forent,
708 988 933 1054 consuluissent
960 988 1060 1052 labori
1087 1009 1184 1052 mcor
1221 987 1275 1053 sed

248 1095 343 1160 parco
367 1075 551 1139 nominibus
576 1073 762 1146 viventium,
792 1073 898 1138 veniet
926 1093 1038 1136 eorum
1067 1071 1153 1137 laudi
1182 1073 1276 1138 suurn

248 1173 396 1246 tempus:
419 1159 460 1224 ad
484 1159 620 1246 posteros
644 1159 730 1224 enim
754 1158 854 1223 virtus
876 1157 1014 1236 durabit,
1029 1179 1092 1220 non
1115 1159 1275 1243 perveniet

248 1244 377 1310 invidia.
420 1247 496 1310 Non
512 1255 620 1308 tamen
634 1245 700 1330 post
713 1255 764 1308 tot
778 1255 934 1310 aetantes
947 1241 1137 1330 scriptores·
1151 1243 1275 1330 pigebit
1289 1251 1333 1302 22.

250 1351 353 1394 meam
370 1329 558 1417 quibusdam
572 1329 651 1393 locis
665 1329 796 1477 qosuille
809 1327 1006 1392 sententiam.
1050 1330 1166 1428 Neque
1188 1329 1275 1394 enim

250 1437 304 1480 me
318 1414 503 1502 cujusquam
517 1413 621 1494 seeae,
635 1425 724 1480 veut
760 1412 874 1477 uadem
887 1411 1103 1499 superstitione
1116 1413 1274 1493 rmbutua,

249 1498 356 1564 addixi
371 1525 380 1564 r
403 1513 437 1564 et
457 1498 607 1564 eles'turis
627 1521 701 1587 quae
714 1437 823 1565 vilent
837 1496 983 1563 facienda
1002 1499 1094 1598 copia
1107 1495 1182 1578 fuit,
1197 1499 1276 1562 ficut

250 1583 315 1670 ipse
340 1584 477 1670 plurium
502 1583 536 1648 in
559 1605 659 1648 unum
686 1581 815 1649 consero
838 1583 978 1662 inventa,
1002 1585 1200 1670 ubicumque
1222 1583 1274 1646 in·

249 1669 349 1756 genio
369 1691 433 1734 non
460 1668 520 1734 erit
542 1668 645 1750 locus,
659 1689 743 1734 curae
766 1667 981 1733 testimonium
1002 1668 1173 1733 meruisseb
1195 1689 1274 1734 con-

248 1766 370 1818 tentus.

295 1841 341 1910 ΙΙ.
359 1841 440 1988 ἔΙΙ.)
463 1840 534 1905 Nec
548 1838 605 1904 diu
618 1861 676 1905 nos
694 1851 836 1904 moretur
857 1838 1000 1924 quaestio‚
1017 1837 1102 1903 Quae
1123 1838 1277 1903 rhetorices

249 1924 345 2014 origo
368 1927 418 1989 ul
453 1927 542 1990 Nem
563 1925 616 1990 cui
638 1924 774 1990 dubium
789 1925 841 2004 est,
857 1923 935 2010 quin
957 1923 1133 1988 sennonem
1156 1923 1276 2010 abipsa

250 2031 357 2077 rerum
380 2021 492 2075 natura
509 2009 611 2098 geniti
634 2011 777 2108 protinus
798 2008 945 2074 homines
966 2008 1155 2093 acceperint,
1174 2010 1275 2094 (quod

250 2094 548 2243 certeprincipium
563 2096 606 2158 est
620 2117 688 2182 ejus
709 2095 768 2175 rei)
796 2093 872 2158 huic
886 2093 1023 2158 studium
1037 2106 1070 2156 ct
1094 2092 1274 2157 incremen-

201 2223 203 2233 ·
250 2191 322 2244 tum
366 2179 467 2244 ederit
487 2179 615 2257 utilitas,
637 2180 791 2243 summam
814 2179 891 2242 ratio
913 2190 947 2242 et
973 2178 1171 2243 renotatio?
1201 2179 1312 2244 Nect

250 2263 358 2343 video,
373 2286 471 2351 quare
493 2286 599 2329 curam
624 2263 750 2328 dicendi
773 2275 887 2348 putent
902 2261 1030 2348 quidam
1047 2261 1122 2326 inde
1137 2263 1274 2349 coepisse,

250 2349 342 2435 quod
360 2348 395 2428 ii,
408 2349 467 2499 pui
486 2348 519 2412 in
541 2348 706 2413 discrimen
731 2347 862 2434 aliquod
883 2349 1085 2426 vocabantur,
1099 2349 1277 2422 accuratius

250 2429 341 2522 loqui
366 2433 406 2499 de
420 2433 557 2499 endendi
580 2433 626 2498 sui
650 2434 752 2522 gratia
773 2433 975 2497 instituerint.
1019 2433 1099 2497 Haec
1120 2432 1219 2512 enim,
1239 2444 1279 2498 ut

251 2518 409 2584 honestior
423 2519 535 2598 caussa,
551 2519 598 2582 ita
611 2541 676 2583 non
690 2520 802 2606 utique
816 2518 901 2604 prior
919 2518 962 2582 est
977 2542 985 2582 ι
1008 2539 1084 2584 cum
1104 2517 1278 2605 praesertim

227 2607 229 2617 '
252 2605 394 2690 accusatio
417 2605 574 2704 praecedat
591 2603 803 2691 deserfionem:
825 2603 879 2666 niti
904 2603 976 2689 quis
989 2602 1078 2682 dicit,
1094 2603 1188 2668 etiarn
1204 2602 1275 2690 gla-

252 2687 343 2754 dium
357 2687 546 2754 sabucetum
561 2688 601 2752 ab
623 2710 663 2756 eo
676 2688 774 2774 prius,
789 2686 846 2774 qui
867 2687 986 2772 serrum
1010 2688 1044 2752 in
1068 2687 1202 2754 tutelam
1218 2687 1276 2767 sui,

276 2775 417 2873 namqui
433 2774 464 2837 in
481 2772 654 2861 perniciem
668 2772 1006 2858 alteriuscompararit.
1052 2773 1184 2838 Initium
1199 2780 1311 2859 ergoss

278 2859 382 2924 'cendi
404 2858 494 2925 dedit
515 2871 647 2924 natura:
674 2859 803 2924 initium
826 2858 913 2938 artis,
928 2858 1114 2925 observatio.
1156 2859 1276 2923 Homi-

254 3085 300 3194 Ἤ*
306 3087 428 3194 Gacqurqte
437 3080 468 3129 G.
530 3085 545 3115 ²
559 3076 735 3128 Tutiliuslens.
800 3067 935 3126 ¹'austeres
947 3078 977 3126 G.
989 3079 1052 3128 lens.
1125 3075 1279 3146 bpromeru-

254 3160 295 3193 ιι
330 3180 337 3195 .
362 3159 410 3193 en.

277 3341 337 3376 ἀι.
366 3323 517 3394 Cornificius]
548 3325 599 3378 Cui
627 3325 685 3378 libri
711 3325 743 3378 ad
790 3323 894 3376 neudarn
905 3323 1006 3375 alteram
1015 3321 1151 3384 lessionern,
1165 3320 1279 3385 sutilius,

257 3394 409 3446 Herennium
438 3413 452 3444 a
473 3393 559 3445 multis
586 3397 742 3448 tribuuntur.
791 3393 893 3445 ostendit
904 3393 1070 3445 Burmannus.

257 3463 327 3534 Qid
340 3466 365 3516 in
383 3477 512 3531 utramque
529 3475 622 3532 partem
633 3465 743 3534 disputa·
829 3481 854 3513 r.
877 3462 956 3530 geniti
969 3461 1079 3531 protinus
1096 3457 1212 3526 homines]
1237 3463 1278 3513 lta

258 3544 312 3584 tum
324 3532 361 3596 lit,
374 3552 387 3585 e
403 3533 512 3585 Fabricii
531 3533 597 3586 Bibl.
616 3536 674 3586 Lat.
693 3535 746 3604 peti
791 3532 893 3602 quidem
905 3531 957 3592 esse,
965 3532 1038 3584 nostri
1050 3549 1094 3582 nos
1106 3531 1163 3584 libri
1173 3531 1276 3582 docente

257 3602 342 3671 potest.
356 3605 395 3655 De
406 3603 516 3670 reliquis,
529 3619 585 3652 curn
592 3602 659 3654 nihil
671 3603 743 3655 hodie
792 3603 831 3653 sed
850 3601 929 3661 aliter,
942 3602 1093 3672 quicumque
1108 3599 1158 3652 fere
1176 3599 1207 3650 de
1226 3601 1277 3650 ori-

256 3672 339 3734 exuet,
357 3673 382 3724 in
400 3672 485 3724 Iudice
501 3673 606 3724 breviter
623 3672 743 3724 indicabi·
791 3673 850 3740 gine
877 3670 978 3722 humani
995 3671 1090 3741 generis
1110 3667 1278 3740 'philosophari

256 3759 322 3796 mus.
514 3737 517 3746 ’
793 3741 887 3809 potius,
899 3755 974 3808 quarn
993 3757 1076 3792 veram
1093 3737 1169 3790 Mosrs
1181 3737 1274 3788 histori-

294 3829 338 3864 ar.
362 3808 467 3874 Plinius]
486 3807 578 3872 Major,
591 3809 742 3878 cujusstudi-
792 3825 833 3861 am
851 3808 918 3876 sequi
934 3809 1073 3860 voluerunt.
1108 3806 1229 3875 Reliquos
1247 3806 1277 3858 de

259 3879 289 3945 est
308 3891 366 3940 tres,
389 3879 415 3930 in
428 3876 478 3946 sex
499 3876 629 3930 volumina
644 3885 744 3946 propter
793 3879 896 3948 Epicuri
914 3878 1043 3946 praesertim
1061 3875 1277 3937 scholasraudias,

258 3948 436 4018 amplitudinem
452 3947 538 4015 diffusi,
557 3947 641 4016 quibus
662 3957 743 3999 arato-
792 3957 884 4000 mutum
896 3963 926 3998 ac
937 3955 1007 4014 turpe
1015 3955 1086 4018 pecus
1097 3946 1171 3996 horno
1182 3945 1278 4015 paulla·
1318 3942 1320 3950 ’

259 4018 353 4068 remab
370 4016 520 4069 incunabulis
536 4015 671 4086 instituitet
683 4025 742 4086 per·
791 4021 837 4068 tim
852 4015 959 4066 utilitate
976 4015 1006 4065 ad
1026 4016 1096 4066 usum
1108 4013 1221 4066 sermonis
1233 4014 1277 4064 ad-

251 4088 307 4155 ficit
318 4087 384 4140 Plin.
394 4089 449 4151 jun.
462 4089 552 4156 Ep.·3,
566 4105 590 4152 ς,
605 4104 630 4152 5.
792 4085 882 4138 dnsnrs
894 4084 935 4135 est.
956 4085 1130 4138 Vid.Luc1et.
1152 4101 1177 4152 5,
1199 4101 1276 4147 ¹0²7*

270 4175 337 4208 ·21.
367 4155 483 4221 Rutilius]
513 4157 594 4222 Cujus
616 4155 692 4210 exstat
713 4155 745 4209 de
793 4154 848 4226 sqq.
861 4155 924 4207 Hor.
935 4154 998 4215 Sa,
1013 4171 1037 4220 3,
1050 4173 1094 4226 qq.
1257 4159 1260 4164 '

259 4226 422 4280 schematibus
434 4225 541 4280 libellus.
567 4226 744 4299 Nourontern-
1081 4237 1083 4243 “
1156 4260 1159 4268 ·
