3022 4920
353 445 355 453 .
427 403 594 467 rnsrtr.
613 404 815 470 onaron.
835 405 921 466 nra.
942 405 980 465 rr.
1005 423 1051 465 ι..
1200 411 1256 485 109

228 569 321 638 Quid
346 567 445 635 enim⁴
463 569 578 636 attinet
596 569 741 660 jndicem
765 592 948 656 praeparare,
972 569 1029 657 qui
1058 569 1165 636 nullus
1192 572 1258 636 est?

227 679 365 737 narrare,
380 653 467 742 quod
482 679 594 722 omnes
611 657 710 722 sciant
731 655 841 722 sallum
857 657 868 718 i
893 657 1095 742 probationes
1110 655 1262 722 adhibere

227 742 351 822 cauffae,
367 741 487 828 deque
502 765 596 808 nemo
611 743 648 806 fit
661 742 941 830 pronuntiaturus?
988 745 1029 805 Et
1043 743 1114 806 haec
1129 743 1261 830 quidem

227 828 329 892 otiosa
342 841 483 892 tantum:
499 829 581 892 affici
596 851 682 910 vem,
698 841 731 894 ct
746 829 792 891 ira
805 827 854 890 vel
866 826 954 892 lustu
970 849 1153 914 permovere
1163 843 1187 907 θ,
1202 852 1262 894 cu·

222 911 279 1000 jus
296 915 340 978 est
366 913 510 993 ludibrii,
527 915 581 978 nifi
605 913 791 1000 quibusdam
807 910 930 998 ¹pugnae
956 913 1126 978 simulacris
1148 915 1188 978 ad
1204 937 1260 979 ve-

194 1019 300 1086 9rum
315 999 484 1062 discrimen
497 1000 666 1086 aciemque
675 999 788 1085 juliam
803 996 1056 1063 consuescimus?
1102 1000 1194 1063 Nihil
1210 1023 1261 1064 cr-

227 1107 272 1182 go
288 1085 371 1148 inter
385 1083 506 1148 forense
523 1108 624 1172 genus
648 1085 787 1162 dicendi,
802 1097 898 1168 atque
920 1085 981 1148 boc
999 1085 1262 1150 declamatorium

228 1154 397 1234 interierit?
444 1169 476 1232 Si
499 1170 658 1257 profestos
679 1170 781 1258 gratia
804 1169 955 1247 dicimus,
971 1169 1062 1234 nibil.
1109 1171 1258 1235 Utinam·

228 1277 292 1340 que
313 1238 408 1342 adjici
428 1255 468 1318 ad
489 1255 749 1320 consuetudinem
765 1254 874 1342 posset,
895 1268 931 1318 ut
950 1255 1133 1321 nominibus
1153 1271 1261 1322 utere-

228 1361 313 1420 mur,
326 1355 360 1404 et
373 1341 531 1426 perplexae
546 1342 661 1427 magis,
674 1353 707 1404 et
719 1340 875 1426 longioris
890 1339 1061 1426 aliquando
1077 1343 1165 1406 adius
1181 1365 1260 1406 con·
1307 1415 1313 1420 .

229 1425 385 1490 troverfiae
410 1425 616 1512 tingerentur,
642 1441 676 1492 et
699 1427 795 1489 verba
817 1425 848 1488 in
873 1424 931 1489 usu
954 1426 1141 1512 quotidiano
1163 1429 1263 1515 pofita

229 1511 337 1575 minus
352 1513 552 1591 timeremus,
568 1526 602 1575 et
616 1512 710 1600 jocos
725 1511 857 1574 inserere
872 1511 970 1574 moris
985 1513 1078 1577 esset:
1102 1537 1173 1600 quae
1189 1536 1259 1595 uos,

253 1597 409 1660 uamlibet
423 1619 480 1683 per
501 1597 563 1662 alia
577 1599 609 1662 in
634 1597 748 1662 scholis
763 1595 928 1660 exercitati
954 1596 1071 1680 sumus,
1085 1599 1204 1664 tirones
1226 1600 1261 1666 in

178 1701 219 1747 10
230 1619 299 1744 lbro
314 1681 513 1747 inveniuntf.
549 1683 585 1746 Si
601 1705 676 1748 vero
687 1683 718 1746 in
733 1681 973 1746 ostentationem
989 1699 1189 1770 comparetur
1203 1685 1260 1750 de-

231 1765 392 1844 clamatio,
407 1767 480 1832 sane
506 1769 684 1855 paullulum
705 1767 827 1854 aliquid
851 1766 1026 1833 inclinareg
1049 1771 1090 1834 ad
1112 1771 1261 1858 volupta-

178 1871 215 1919 11
231 1863 295 1916 tem
316 1853 517 1918 audientium
536 1855 704 1918 debemus.
748 1855 834 1917 Nam
858 1865 892 1916 et
916 1853 956 1916 iis
981 1856 1172 1936 astionibus,
1189 1879 1262 1944 quae

179 1943 181 1951 “
229 1937 263 2001 in
284 1939 393 2025 aliqua
415 1939 477 2002 fine
493 1939 593 2004 dubio
609 1940 739 2004 veritate
754 1939 922 2015 versantur,
938 1939 991 2004 sed
1013 1943 1083 2004 lunt
1097 1943 1139 2008 ad
1155 1965 1259 2029 popu·

229 2021 328 2088 larem
342 2038 457 2109 aptatae
481 2024 740 2106 delectationem,
755 2024 863 2109 quales
882 2023 1020 2110 legimus
1036 2027 1259 2116 panegyricos,

229 2121 409 2194 totumque·
422 2109 484 2174 boo
504 2110 781 2176 demonstrativum
793 2117 806 2154 l
829 2131 942 2197 genua,
959 2114 1153 2196 permittitur
1166 2114 1261 2178 adhi-

228 2195 304 2265 b'dre
314 2195 390 2346 plus
405 2195 522 2274 cultus,
535 2219 730 2282 carnemque
744 2209 844 2260 artem
860 2201 945 2282 (quae
961 2197 1058 2262 latare
1074 2200 1262 2286 plerumque

230 2279 263 2343 in
273 2280 313 2368 ju
338 2280 406 2344 iciis
420 2280 528 2362 debet)
549 2306 613 2346 non
629 2283 771 2346 confiteri
786 2281 896 2360 modo,
912 2282 965 2345 sed
986 2285 1138 2348 ostentare
1152 2287 1261 2365 etiam,

178 2379 218 2430 12
231 2363 416 2430 hominibus
430 2367 464 2430 in
480 2368 542 2432 hoc
557 2369 727 2434 advocatis.
765 2368 875 2432 Quare
890 2367 1091 2449 declamatio,
1108 2373 1263 2457 quoniam

186 2515 189 2524 ,
230 2451 476 2538 estjudiciorum
492 2454 757 2541 confiliorumque
772 2454 891 2539 imag0,
902 2453 1008 2518 similis
1022 2457 1080 2519 effe
1094 2455 1192 2520 debet
1206 2481 1262 2520 ve·

230 2537 331 2600 ritati:
354 2538 506 2622 quoniam
521 2554 627 2604 autem
643 2539 764 2626 aliquid
779 2539 810 2602 in
827 2541 857 2602 se
870 2538 966 2602 babet
980 2542 1166 2619 ἐπιδεικτικὸν,
1176 2565 1261 2606 non-

179 2637 216 2706 13
231 2622 313 2686 nihil
326 2623 381 2687 fibi
401 2624 512 2690 nitoris
527 2625 688 2695 assumere.
732 2625 832 2690 Quod
849 2624 972 2688 faciunt
986 2625 1107 2689 astures
1127 2627 1262 2692 comici:

207 2721 209 2726 ‘
230 2709 287 2794 qni
304 2711 381 2773 ueci
396 2709 442 2774 ita
456 2711 590 2797 proriae,
605 2724 642 2776 ut
657 2733 714 2776 nos
728 2711 826 2796 vulgo
848 2711 1023 2796 loquimur,
1041 2713 1261 2796 pronuntiant,

191 2793 195 2798 ’
230 2795 318 2880 quod
332 2794 406 2860 ellat
421 2797 484 2860 fine
498 2810 585 2861 arte:
610 2819 669 2860 nec
685 2797 794 2882 procul
810 2810 917 2860 tamen
932 2817 951 2858 a
965 2810 1076 2858 natura
1095 2798 1260 2879 recedunt,

231 2901 296 2964 quo
316 2879 395 2944 vitio
440 2881 534 2946 eriret
558 2882 715 2946 imitatio:
740 2882 793 2946 sed
815 2903 938 2946 morem
963 2883 1142 2950 communis
1165 2883 1263 2964 hujus

178 2979 220 3044 14
230 2965 383 3030 sermonis
427 2989 519 3032 ecore
537 2968 675 3054 quodam
701 2965 825 3032 scenico
846 2959 1008 3030 exornant.
1054 2967 1106 3031 Sic
1134 2978 1264 3055 quoque*

85 3053 88 3060 '
229 3049 337 3140 aliqua
362 3073 420 3116 nos
439 3053 644 3118 incommoda
665 3075 705 3117 ex
725 3053 788 3131 his,
801 3075 879 3139 quas
902 3051 1097 3135 finxerimus,
1120 3055 1262 3119 materiis

264 3280 274 3305 ‘
292 3275 425 3337 promoveri
439 3276 469 3322 G.
486 3276 617 3336 permoveri
629 3291 707 3322 nerum
714 3283 777 3336 puro.
849 3269 860 3302 f
875 3273 1013 3321 invenimur
1028 3275 1058 3322 G.
1128 3279 1138 3308 ⁸
1148 3275 1187 3336 stc
1198 3275 1228 3321 G.
1241 3286 1263 3322 er

232 3339 309 3404 clap.
319 3343 397 3389 Burm.
409 3341 540 3388 inclamare
552 3341 592 3389 rel.
658 3339 919 3386 hdemonstrationum
930 3340 961 3387 G.
973 3349 994 3384 et
1005 3339 1039 3390 al.
1101 3336 1177 3386 inon
1189 3341 1221 3387 G.

268 3559 292 3606 9.
313 3536 454 3598 inveniunt]
476 3539 516 3588 lta
533 3535 636 3607 politum
649 3535 722 3587 estut
771 3533 814 3588 illa
830 3534 911 3588 schola
928 3547 952 3588 et
964 3534 1028 3588 fictis
1047 3537 1198 3604 argumentis
1217 3555 1266 3598 nos¹

230 3607 450 3676 deprehendiuss,
464 3627 508 3658 21.
528 3605 704 3658 etaliislocis.
771 3605 941 3674 consequatur.
988 3606 1053 3656 Cum
1076 3607 1141 3656 enim
1166 3609 1262 3659 summa

270 3696 311 3729 10.
329 3676 466 3742 inclinare]
488 3679 585 3736 Fateor,
604 3693 643 3726 me
662 3675 721 3725 alte·
770 3676 889 3726 orationis
905 3677 984 3726 omnis
1004 3675 1049 3726 dos
1070 3673 1108 3736 su,
1120 3685 1148 3726 ut
1158 3678 1263 3745 propria

232 3765 289 3799 rum
306 3745 368 3798 illud
385 3745 520 3799 inclamare
536 3763 585 3797 uon
603 3746 720 3813 adsequi:
763 3743 798 3812 fit
823 3744 976 3806 horninibus,
1001 3745 1164 3812 temporibus
1191 3746 1261 3807 locis,

231 3809 350 3868 inclinare
369 3830 452 3869 autem
471 3815 600 3868 commode
618 3815 721 3877 dicitur,
771 3831 815 3866 nec
827 3813 905 3865 alium
918 3817 942 3865 in
955 3814 1047 3874 locum,
1057 3813 1189 3875 hominem,
1200 3814 1267 3868 teme.

233 3888 277 3956 qui
287 3888 318 3937 de
327 3888 369 3938 via
381 3889 458 3956 regia,
468 3888 499 3937 de
511 3885 561 3936 alto
572 3887 681 3950 tramite,
692 3884 723 3936 de
771 3901 830 3953 pus,
843 3881 969 3936 transferri
987 3897 1076 3936 temere
1090 3883 1177 3952 potiit:
1197 3885 1264 3937 diffi-

139 3997 146 4001 .
232 3957 298 4008 racio
310 3957 380 4008 cursu
393 3957 488 4024 aliquid
501 3955 617 4006 remittit.
771 3951 818 4005 cile
829 3965 912 4006 autem
924 3952 952 4006 fit
964 3953 1016 4006 baec
1029 3955 1112 4004 omnia
1122 3953 1213 4022 fingere
1224 3954 1263 4008 vel

270 4045 311 4089 r4.
325 4026 474 4096 Sitqucque]
488 4026 515 4076 b.
529 4043 551 4076 e.
564 4027 638 4076 etiam
652 4023 723 4076 adhi-
770 4021 908 4074 constanter
932 4024 1039 4076 servare:
1071 4023 1179 4074 multum
1208 4025 1264 4078 sane

233 4097 286 4149 bita
304 4099 426 4160 cautione,
445 4113 520 4164 (luam
538 4094 612 4146 modo
632 4113 727 4164 pr0p0-.
771 4093 810 4144 vel
822 4111 871 4144 uon
890 4093 1044 4146 incommode
1062 4093 1120 4144 lisia
1131 4094 1212 4146 oratio
1224 4097 1262 4146 in·

233 4167 290 4228 suit,
299 4177 380 4218 tamen
392 4167 478 4217 evitari
491 4183 538 4216 non
552 4165 650 4233 poterit,
661 4165 722 4232 quin
771 4161 810 4214 lia
822 4180 908 4214 verum
919 4174 1093 4236 argumentum
1101 4163 1209 4216 subfidat
1221 4183 1264 4218 ne„

231 4235 327 4308 aliquid
345 4235 495 4290 incommodi
507 4253 537 4286 ex
548 4233 725 4293 declamatoria
772 4233 830 4285 cesse
841 4233 883 4286 est.
