2938 4910
388 385 558 472 rnsrrr.
580 384 1006 487 ornron.trn.v1'.3.
1150 415 1209 491 3⁶1
1255 447 1264 495 x
1299 412 1305 419 ·

190 573 287 642 multi
301 573 498 654 tentaverint,
512 572 597 640 unde
610 573 703 662 risum
722 572 801 660 quih
815 596 882 640 non
894 573 994 640 solum
1010 573 1095 642 fatto
1105 573 1213 664 'aliquo

194 661 332 740 ditiore,
346 660 400 726 sed
420 660 579 726 interdum
595 659 735 747 quodam
757 657 853 724 etiam
874 661 1012 746 corporis
1033 661 1150 743 tadiu‘,
1165 664 1214 728 la-

195 747 337 810 ceffitur:
361 760 510 832 praeteree
530 765 606 824 non,
621 744 689 810 utk
710 743 852 808 emtione
874 745 992 810 moveri
1013 745 1130 812 soleat:
1153 769 1212 812 ne·

158 901 160 912 ,
196 853 259 928 que
283 830 368 894 enim
391 841 484 897 acute
505 835 629 894 tintum
654 850 690 894 uc
712 829 849 907 venuste,
864 830 918 894 sed
933 829 1035 909 stulte,
1050 831 1215 913 iracunde,

196 915 308 980 ttmide
321 915 404 980 dina
418 915 492 981 aut¹
515 913 597 978 satin
610 913 753 978 ridentur
767 938 776 976 z
798 913 936 1000 ideoque
957 937 1071 1002 anceps
1086 915 1155 1002 ejus
1169 919 1215 982 tei

162 995 275 1064 dratio
299 1001 353 1078 est,
380 999 467 1085 quod
495 1021 514 1062 a
535 999 631 1085 derisu
656 1019 720 1062 non
742 999 854 1083 procul
876 1000 961 1065 abest
982 1001 1010 1062 ri
1023 1023 1067 1064 us.
1113 1001 1217 1066 Habet

195 1086 293 1164 enim,
309 1099 346 1150 ut
364 1085 479 1150 Cicero
493 1083 584 1162 dicit,
590 1085 692 1170 sedem
706 1084 738 1146 in
752 1082 937 1168 deformitate
949 1084 1055 1170 aliqua
1074 1099 1101 1148 rt
1117 1089 1214 1174 turpi·

194 1171 316 1234 tudine:
339 1193 411 1255 quae
426 1189 501 1232 cum
514 1169 559 1232 'in
578 1168 649 1232 aliis
663 1167 924 1248 demonstrantur,
939 1169 1118 1233 urbanitas:
1139 1195 1216 1238 oum

195 1254 229 1318 in
244 1255 344 1340 ipsum
354 1267 372 1292 ¹¹¹
388 1253 548 1318 dicentem
562 1253 721 1333 recidunt,
732 1251 868 1338 stultitia
883 1267 1022 1318 vocatur.
1067 1255 1150 1320 Cum
1166 1259 1216 1322 vi.

196 1339 307 1405 deutur
322 1353 429 1407 autem
443 1360 491 1402 res
506 1337 596 1418 levis,
611 1351 644 1404 ct
665 1359 737 1424 quae
758 1359 778 1400 a
798 1337 922 1420 scurris,
938 1337 1056 1417 mimis,
1072 1339 1216 1428 insrpien-
1238 1415 1239 1422 ἵ

229 1539 241 1572 ¹¹
259 1539 377 1604 Sequimur
385 1539 423 1602 itit
429 1540 501 1601 fidem
508 1541 590 1602 prima
600 1539 663 1586 editt.
674 1548 696 1585 et
706 1538 794 1586 Mureti
805 1539 834 1585 V.
847 1539 873 1585 L.
887 1551 925 1596 19,
940 1538 976 1585 16.
993 1537 1033 1586 ΑΙ.
1040 1540 1095 1602 fic:
1111 1551 1217 1593 tentate·
1315 1559 1318 1566 “

196 1605 253 1652 tint.
271 1605 342 1652 Unde
353 1605 410 1652 risus
420 1606 528 1666 quidem.
607 1603 614 1634 ¹
633 1604 672 1651 Sir
683 1603 763 1664 Regius
775 1614 796 1656 et
808 1604 910 1649 Muretus
921 1601 937 1647 l.
948 1619 968 1648 c.
979 1603 1073 1667 itemque
1082 1607 1144 1654 edin.
1156 1621 1221 1673 qut

197 1669 266 1714 darn:
284 1668 358 1716 tratlu
369 1668 401 1716 al.
497 1669 509 1700 t
527 1669 566 1716 Sic
577 1668 737 1716 emendavimus
749 1685 776 1714 err
789 1667 814 1715 V.
829 1666 856 1716 C.
868 1665 948 1714 Almel.
961 1667 999 1730 qui
1010 1668 1073 1716 habet
1083 1686 1131 1718 non
1144 1685 1170 1720 ut
1181 1689 1218 1722 ra-

198 1734 271 1779 tione.
292 1733 334 1779 Sui
343 1747 392 1780 non
403 1742 430 1780 ut
441 1733 574 1782 narratione
585 1747 649 1780 mov.
661 1731 733 1779 soleat
745 1733 774 1778 G.
786 1733 848 1778 tens.
861 1745 909 1776 non
922 1745 970 1777 una
981 1733 1070 1782 ratione
1083 1739 1171 1783 moveri
1182 1741 1218 1786 so.

197 1796 232 1845 let
243 1796 283 1846 rel.
294 1815 322 1844 ex
332 1803 419 1844 cerreti.
431 1797 506 1860 Regii.
571 1797 578 1828 ¹
594 1812 623 1845 ac
633 1798 696 1844 Jeus.
758 1805 778 1832 Ν
794 1797 855 1858 ipsos
866 1795 966 1842 dicentis
977 1795 1008 1842 G.
1020 1807 1042 1842 et
1052 1799 1082 1844 al.
1094 1809 1131 1860 ap.
1142 1801 1199 1852 Bur.
1218 1804 1222 1815 '

847 1906 860 1936 0

235 1995 261 2040 7.
278 1975 353 2028 etiam
365 1976 468 2046 corporis
484 1979 566 2045 tattu]
587 1978 686 2032 Mirum
733 1977 801 2046 quit,
807 1975 930 2046 precipua
937 1973 1073 2027 hilaritatis
1072 1977 1150 2046 sedes,
1156 1983 1221 2048 quod

195 2044 266 2096 ‘viros
277 2045 374 2114 aliquot
392 2047 539 2102 dottiffimos
549 2051 580 2100 de
596 2045 686 2100 veritli-
735 2045 834 2098 titillatu
843 2044 950 2098 maxime
956 2044 1097 2114 intelligitur
1107 2047 1216 2111 alarum,
1298 2091 1301 2104 .

201 2131 242 2166 ma
253 2115 299 2168 hac
318 2116 394 2184 Regii
404 2119 570 2172 emendatione
586 2117 687 2170 dubita·
734 2117 772 2170 ad
790 2134 851 2186 quas
859 2115 946 2185 subit.-
963 2131 1019 2172 ,non
1034 2115 1095 2168 alibi
1110 2118 1219 2172 tenuiore

194 2200 237 2243 1⁰,
261 2186 323 2253 quin
345 2184 480 2254 adspernari
505 2206 558 2241 eam
586 2185 687 2256 superbe
735 2195 788 2238 cute
798 2184 914 2243 burtona,
924 2183 976 2236 ideo
985 2183 1104 2252 scabendi
1113 2187 1219 2240 dulcedi·
1301 2206 1304 2212 ·

221 2253 313 2306 otnissc.
345 2254 386 2306 Ita
399 2256 469 2326 plane
480 2258 591 2328 pueritiae
603 2257 651 2308 suae
663 2266 687 2306 et
735 2273 765 2306 ne
783 2253 818 2308 iti
832 2253 956 2324 proxima.
987 2251 1113 2306 obtutu
1126 2257 1220 2325 preliis

201 2270 335 2376 liberorum
356 2323 463 2388 suorum,
486 2329 521 2378 ita
540 2325 686 2391 juvenilium
731 2323 943 2392 gladiatorumque
954 2323 1099 2392 spetiaculr's
1120 2337 1220 2378 mortem

202 2387 317 2442 ludorum
344 2403 368 2442 et
391 2397 482 2459 tupiter
508 2398 589 2460 ἐλόχα,
614 2393 687 2446 obliti
735 2393 847 2463 cumrifit
864 2394 970 2462 trajecta
981 2393 1121 2512 precordia
1130 2397 1220 2447 attule-

202 2459 268 2519 sunt,
289 2474 317 2512 nt
339 2460 445 2517 nesciant
467 2463 531 2514 inter
551 2466 687 2534 precipuae
735 2473 803 2514 runt.
825 2463 865 2514 Ex
877 2461 1006 2514 Aristotct
1018 2461 1105 2523 sumta,
1117 2463 1221 2518 ostendit

203 2527 266 2580 risus
285 2531 323 2582 vel
338 2530 422 2582 tanim
443 2531 481 2584 rel
499 2531 633 2584 occasiones
645 2531 688 2584 esse
735 2531 893 2584 Harduinum
918 2530 1146 2598 Decuprristat‘tu
1157 2535 1220 2588 risus

202 2599 296 2652 rarum
325 2617 353 2652 ac
384 2598 550 2654 titillationem
579 2605 687 2672 partium
736 2598 804 2652 fonte
832 2618 870 2652 uae
880 2599 1035 2660 diximus‚ea
1045 2599 1147 2654 illustrat
1159 2599 1221 2658 illud

204 2667 357 2734 quarundam
377 2671 486 2738 corporis
505 2669 587 2732 nostri,
604 2688 688 2722 earum
736 2619 856 2722 Ncmeira.
872 2667 918 2720 ecl.
934 2669 1221 2737 3›29·11biB³cchum2

209 2736 346 2798 'raesertim,
358 2737 451 2808 quibus
468 2737 592 2792 insolitum
608 2739 640 2791 est
662 2757 688 2791 a·
737 2738 864 2790 alumnum
875 2737 945 2788 suum
954 2737 1093 2806 parvulum,
1099 2751 1175 2792 vorat
1186 2745 1224 2797 ad

204 2751 269 2856 liena
280 2822 353 2857 mann
364 2808 433 2875 tangi
446 2814 454 2858 l
482 2805 598 2860 Tratium
616 2809 688 2860 nobis
737 2807 811 2877 rujam
824 2806 898 2875 digito
909 2805 1013 2858 Silenus.

204 2873 291 2926 dedere
302 2876 360 2928 boni
377 2875 488 2939 librarii3
509 2895 583 2946 quem
594 2889 624 2929 nt
640 2877 689 2934 huc
773 2895 799 2940 7.
815 2885 939 2946 praeterea
949 2893 1004 2936 non,
1016 2877 1055 2940 ut]
1070 2877 1163 2932 Pendet
1174 2878 1220 2934 hoc
1258 2939 1263 2950 ¹

203 2942 341 3006 traherent,
358 2949 436 2993 πάντα
451 2946 520 2993 utum
534 2949 626 2996 tutum
642 2947 690 3000 viri
738 2945 954 3015 exsuperioribus,
966 2946 1094 2997 Praetrrea
1103 2965 1150 2998 run
1163 2957 1223 3018 pute

186 3015 191 3024 “
206 3011 368 3078 eruditiffimi.
387 3013 517 3074 Francius,
528 3016 572 3082 qui
584 3017 691 3068 tretium
737 3012 780 3066 hoc
787 3012 854 3086 satis
864 3014 896 3065 ab
907 3011 954 3066 utto
964 3013 1092 3084 explicari.
1113 3019 1169 3069 Hoc
1180 3019 1220 3072 di-

205 3081 375 3152 importunum
395 3094 502 3153 putaret,
518 3083 618 3150 jactum
638 3101 691 3152 mq-
739 3085 783 3146 cit,
801 3101 857 3136 cum
880 3085 1015 3153 generatim
1035 3083 1151 3154 explicari
1172 3105 1222 3142 non

206 3150 265 3204 luit.
295 3153 390 3222 Atqui,
412 3151 428 3203 sr
447 3155 528 3204 tatius
546 3155 691 3206 mentionem
738 3151 809 3222 pollit
825 3153 896 3222 origo
911 3153 982 3215 risus,
994 3165 1018 3204 et
1034 3153 1102 3223 quast
1113 3157 1220 3224 genesrse

204 3237 256 3274 non
273 3219 331 3274 fecit
348 3222 451 3282 Fabius,
466 3221 545 3274 omisit
562 3240 636 3285 unum¹
654 3222 692 3276 sa·
739 3223 1064 3292 turninomtionc,dequa
1079 3224 1223 3282 l'cilicetltic
1317 3259 1323 3274 ι
1399 3242 1404 3257 ’

206 3291 391 3344 miliarissrmam
425 3290 486 3342 risus
520 3291 689 3346 occasionemr
739 3291 817 3344 sermo
826 3291 869 3352 en,
879 3303 908 3343 ut
924 3294 1026 3344 excitari
1043 3293 1125 3356 soleat,
1136 3297 1225 3350 obscu.

208 3361 326 3420 trabium,
339 3362 356 3412 i.
370 3377 393 3412 c.
405 3359 498 3429 getium
510 3360 638 3430 distortum
648 3363 691 3416 de·
739 3377 796 3416 rum
813 3359 866 3420 esse,
878 3361 952 3430 idque
968 3363 1024 3414 inde
1035 3363 1142 3433 intelligi
1152 3367 1224 3428 tideo,¹

205 3441 387 3499 promtumque
411 3446 453 3480 cor
486 3429 520 3480 ris
543 3430 606 3492 (huc
627 3431 691 3484 enim
758 3429 807 3482 nod
819 3447 857 3482 ret
873 3429 1018 3487 itodircrsae
1035 3431 1109 3486 risum
1125 3447 1226 3490 movent

209 3497 292 3551 evzdit
312 3497 416 3566 denique
437 3447 600 3566 illeotrattus)
618 3500 634 3552 sr
652 3501 691 3552 di·
739 3448 788 3551 irc.
817 3499 869 3570 Qi
883 3501 914 3551 ad
930 3502 1073 3552 varietatem
1085 3501 1156 3570 supra
1167 3523 1225 3574 pro·

209 3569 258 3629 xit,
280 3565 343 3620 nihil
364 3567 437 3628 dixit,
460 3567 528 3635 quod
549 3585 598 3620 non
618 3569 692 3637 satio
739 3567 842 3638 positam
862 3569 1003 3640 respexerit,
1023 3587 1073 3622 uno
1100 3571 1227 3643 alteroque

210 3637 440 3707 cmnprelrendetur.
463 3637 530 3688 Tres
540 3638 595 3690 sunt
606 3650 693 3707 portae,
741 3639 785 3690 rix
803 3639 872 3708 apice
891 3655 937 3692 nos
957 3656 972 3690 a
990 3639 1110 3692 librorum
1129 3641 1186 3703 side,
1199 3643 1226 3696 in

241 3725 254 3760 r
273 3723 335 3775 quat
353 3707 405 3758 adit
425 3706 456 3758 ad
472 3708 581 3760 animum
601 3708 694 3762 ridicu·
741 3719 864 3775 qnantum
880 3708 912 3760 dc
926 3726 958 3760 eo
972 3711 1043 3762 nobis
1064 3709 1166 3774 constat,
1177 3711 1226 3765 dis.-

205 3725 277 3830 lion
305 3793 347 3845 per
365 3774 450 3827 oculor
459 3774 547 3840 satta,
565 3774 633 3830 dicta
652 3794 694 3846 per
743 3776 988 3846 ceffisse,comperict.
1219 3809 1221 3814 ,

211 3863 293 3907 aureo,
304 3848 384 3899 tanus
398 3845 438 3897 ille
455 3843 571 3896 titillosus
582 3864 624 3915 per
637 3863 694 3916 por-
779 3850 805 3898 8.
824 3856 851 3898 ut
866 3845 948 3898 Cicero
962 3845 1033 3911 dicit]
1055 3848 1094 3900 De
1111 3850 1184 3902 Orat.
1197 3869 1225 3918 ι,

127 3925 129 3928 “
211 3927 249 3966 tet
268 3931 377 3976 nemeae,
395 3931 458 3983 quat
476 3913 597 3966 diximus.
625 3917 696 3988 Qo-
745 3921 788 3982 58.
808 3933 838 3968 cx
857 3916 955 3986 persona
974 3916 1088 3975 Caesaris,
1109 3918 1184 3972 Locus
1200 3931 1227 3974 er

211 3985 278 4036 niam
290 3982 695 4046 hictumus,adscribamuslocum
743 3984 809 4053 regio
829 3983 898 4054 quast
916 3984 1013 4041 ridiculi
1032 3986 1180 4064 turpitudine
1201 4000 1226 4044 ct

211 4051 289 4110 Plinii
305 4071 346 4115 u,
359 4057 401 4117 38.
417 4052 435 4104 s.
455 4070 497 4115 77.
524 4054 651 4122 Loquitur
666 4055 696 4105 de
743 4053 1007 4124 deformitatequadam
1017 4065 1164 4111 coronetur:
1177 4056 1227 4111 baec

212 4123 353 4174 membrana
380 4121 498 4191 principe,
528 4139 604 4190 quom
633 4122 696 4178 Dia·¹
742 4121 1226 4194 rnimridenturvelsolmvclmaxime,

207 4190 333 4260 phragma
360 4208 434 4252 nunc,
459 4201 550 4242 veteres
579 4194 652 4256 ogivae
673 4203 696 4242 et
744 4210 799 4262 quae
819 4201 945 4252 notanter
961 4191 1081 4260 defiguant
1096 4195 1226 4264 turpitudi-

207 4260 348 4336 praecordia
358 4262 493 4318 recubanti
514 4262 542 4312 ln
552 4259 647 4324 radent,
660 4263 696 4314 in·
744 4280 799 4322 nrm
812 4260 919 4334 aliqrmrn
931 4278 981 4320 nou.
986 4262 1099 4340 turpiter.
