3024 4912
435 421 832 488 memnonnron.
854 427 938 488 nm.
961 431 1014 490 n.
1040 448 1063 488 ι.
1211 441 1268 508 ως

179 601 222 670 39
237 587 368 654 versario
405 589 527 653 restet:
551 601 589 654 ut
602 587 751 678 secit‘pro
766 587 895 679 Ligario
906 591 1035 657 Cicero.
1076 592 1166 678 Quid
1180 594 1268 668 enirn

137 682 139 685 ’
197 689 199 693 ’
231 675 353 762 egebat
366 611 453 739 aiiud
469 675 571 739 ironia
585 675 650 754 isla,
664 693 761 764 quern
776 692 814 742 ut
829 677 933 758 Caeser
948 677 1054 742 minus
1073 677 1107 742 se
1129 679 1162 742 in
1187 701 1267 761 rem,

232 771 400 846 tamquam
429 781 494 823 non
524 778 652 840 novam,
682 762 893 827 intenderet?
944 762 1034 828 Quid
1063 785 1119 850 pro
1150 765 1267 844 Ceelio,

172 865 181 906 2
233 865 331 942 quem
357 857 395 910 ut
418 865 469 908 res
494 845 727 932 exspetta‘tione
750 847 855 911 minor
877 847 1060 913 videretur?
1091 851 1213 912 Verum
1227 863 1269 916 etr

234 929 376 1017 i1s‚quae
400 930 560 1017 proposui,
577 931 665 996 aliud
682 933 714 996 in
740 933 805 996 alio
827 947 945 1020 genere
971 933 1080 997 caussae
1103 933 1268 998 desiderari

178 1025 221 1091 40
234 1015 339 1100 palem
361 1017 417 1080 est.
463 1017 590 1078 Genera
609 1037 702 1102 porro
715 1018 889 1103 caussarum
925 1018 1033 1082 lurimi
1055 1018 1203 1104 quinque
1212 1019 1267 1084 'se-
1341 1049 1344 1056 ¹

232 1111 360 1180 cerunt,
386 1099 540 1186 honestum,
569 1103 689 1182 humile,
718 1103 839 1166 dubium
865 1039 1051 1190 veiamcepe
1076 1104 1265 1182 admirabile,

231 1184 406 1271 obscurum:
430 1185 534 1264 idest,
550 1187 654 1264 ἔνδοξον
664 1189 680 1257 f,
693 1182 797 1266 ἄδοξον,
813 1187 972 1270 ἀμφίδοξον,
985 1186 1147 1269 παράδοξον,
1164 1190 1267 1251 δυσπα-

233 1267 436 1352 ραμολέθητον.
489 1273 582 1348 Sunt,
613 1271 730 1354 quibus
758 1273 845 1335 reste
876 1272 1019 1350 videatur
1047 1271 1141 1358 adjici
1172 1284 1267 1360 turpe,

176 1353 322 1438 41quod
346 1355 401 1417 alii
426 1355 543 1434 humili,
567 1353 620 1417 alii
645 1355 821 1418 admirabili
845 1355 1030 1443 subjiciunt.
1049 1383 1056 1394 ··
1075 1357 1268 1422 Admirabile

230 1450 341 1502 autem
359 1453 486 1520 vocent,
502 1438 590 1525 quod
605 1439 648 1501 est
663 1452 777 1526 praeter
789 1441 972 1526 opinionem
993 1441 1163 1506 hominurn
1185 1455 1265 1507 con-

226 1521 390 1592 stitutum.
437 1526 473 1586 ln
490 1523 613 1608 ancipiti
628 1523 767 1588 maxime
779 1525 973 1602 benevolum
995 1525 1145 1607 udinem,
1161 1526 1266 1591 in'ob-
1325 1601 1328 1610 ¹

222 1607 314 1692 suero
336 1607 486 1686 docilem,
499 1609 534 1671 in
550 1607 655 1670 humili
675 1621 836 1674 attentum
852 1631 960 1696 perere
974 1547 1141 1676 ‹sebernue
1163 1612 1265 1694 ,Nem

233 1691 377 1778 bremium
400 1693 531 1780 quidem
555 1692 596 1758 ad
618 1694 877 1758 conciliationem
900 1694 1042 1781 setisper
1058 1697 1089 1759 se
1104 1696 1206 1762 velet:
1231 1699 1266 1762 in

176 1777 408 1855 420edmirabili
422 1790 450 1840 et
463 1779 554 1864 turpi,
567 1779 720 1842 remediis
735 1795 815 1865 opus
830 1781 882 1843 esi.
928 1783 970 1842 Et
983 1801 1023 1844 eo
1037 1780 1193 1866 quidemr
1207 1800 1265 1847 ern·

227 1861 358 1926 ordinm
375 1863 408 1926 in
423 1860 502 1928 duas
517 1863 688 1926 dividunth
702 1878 819 1950 partes,
834 1865 1022 1952 principium,
1038 1878 1067 1928 et
1085 1865 1264 1951 instrumie-

200 1979 203 1986 ·
229 1945 317 2011 erem.-
341 1961 379 2012 ut
394 1949 430 2011 srt
443 1949 477 2024 in
493 1947 657 2035 principiis
675 1951 761 2017 rena
776 1949 1007 2034 benevolentiee
1023 1963 1057 2014 et
1079 1952 1266 2034 attentionis

227 2072 229 2084 ·
250 2031 253 2038 '
276 2033 420 2097 stulatio:
443 2031 517 2120 quae
532 2033 609 2119 quia
623 2035 683 2096 esse
700 2035 732 2096 in
744 2035 840 2120 turpi
856 2033 967 2098 ceufl'ae
980 2052 1099 2122 genere
1111 2053 1178 2100 non
1193 2039 1264 2122 pos-

225 2051 464 2198 ffiinfinuaeo
488 2119 626 2203 surrepat
649 2119 777 2196 animis,
800 2121 939 2184 maxime
963 2119 1020 2183 ubi
1043 2120 1131 2185 frons
1153 2123 1265 2186 caussae

226 2223 297 2266 non
325 2205 397 2268 satis
422 2205 551 2270 honeste
575 2205 629 2280 esi,
644 2204 695 2268 vel
718 2205 795 2291 quie
816 2199 920 2268 res'sit
943 2205 1098 2290 improbe,
1115 2207 1166 2269 uel
1188 2208 1266 2294 quie

170 2309 172 2318 ·
225 2285 417 2352 hominibus
433 2309 543 2375 parum
559 2289 728 2374 probetur:
752 2302 809 2352 aut
824 2289 843 2350 fi
859 2288 940 2372 secie
953 2305 1084 2376 quoque
1103 2291 1168 2377 ipse
1190 2311 1264 2377 pre-

232 2374 341 2452 mitur,
357 2375 409 2436 vel
423 2373 559 2436 invidiei
581 2375 828 2438 oonsrsientieer
842 2375 965 2438 diverso
980 2375 1116 2460 petroni,
1131 2389 1187 2440 aut
1207 2397 1264 2462 pes·

175 2459 302 2535 ¹ttsstrie,
329 2458 377 2520 vel
403 2457 589 2522 miserabilis
613 2457 707 2537 senis,
733 2459 822 2535 cae'ei,
852 2459 996 2523 intentis.
1040 2462 1085 2523 Et
1112 2461 1263 2546 quidem¹

256 2543 350 2605 uibus
365 2542 510 2606 adversus
525 2543 594 2606 haec
610 2543 714 2606 modis
735 2545 772 2606 srt
795 2543 1002 2621 medendum,
1019 2546 1177 2610 verbosus
1199 2559 1263 2610 tre-

229 2565 324 2704 sunt,
341 2625 546 2712 materiasque
560 2627 612 2711 ipsr
625 2628 684 2692 ,fibi
700 2629 840 2714 fingunt,
854 2641 887 2691 et
901 2627 941 2691 ad
960 2647 1083 2692 morem
1100 2630 1264 2696 att-ionum

168 2741 171 2748 ¹
231 2713 463 2798 prosequuntur
476 2729 497 2755 ¹¹¹
512 2737 521 2774 e
545 2712 598 2774 sed
613 2713 675 2790 hee,
690 2733 764 2775 enm
781 2713 923 2776 oriantur
936 2727 975 2776 et
988 2712 1112 2792 eeuffir,
1127 2731 1263 2799 querum

231 2795 349 2881 speeies
360 2797 510 2881 consequi
526 2817 637 2858 omnes
649 2819 712 2860 non
722 2797 893 2882 possumus,
899 2798 957 2860 <nin
963 2799 1161 2946 tpeneresiter
1175 2819 1264 2864 com-
1345 2861 1353 2870 ,

176 2881 479 2968 44prehendantur‚
496 2882 528 2944 in
544 2881 705 2944 infinitum
720 2883 791 2945 sunt
809 2882 968 2946 extrahen‘
987 2902 1025 2945 ae.
1069 2885 1180 2948 Quare
1197 2887 1263 2950 sin-

219 2965 318 3053 egulis
330 2967 495 3030 oonfflium
511 2987 550 3029 ex
564 2965 690 3051 propria
704 2967 827 3029 ratione
841 2967 997 3032 nesoetur.
1034 2967 1131 3034 iliud
1141 2969 1176 3032 in
1191 2972 1264 3034 uni-

148 3073 151 3080 ’
231 3053 353 3116 versum
370 3065 563 3138 preceptum
581 3051 627 3129 sn,
642 3065 679 3114 ut
693 3053 734 3115 ab
756 3050 809 3130 iis,
825 3067 900 3141 'quae
914 3053 1047 3138 ledunt,
1064 3053 1105 3117 ad
1126 3074 1174 3133 ee,
1190 3077 1263 3141 quae

265 3201 270 3206 ,
970 3181 975 3204 i

263 3236 274 3268 f
290 3255 331 3285 em.
343 3239 375 3285 G.
469 3243 479 3273 ¹
496 3237 597 3298 quidem
609 3237 640 3285 G.
730 3235 742 3267 ¹¹
760 3236 875 3284 diriditur
885 3235 916 3286 G.
1000 3235 1013 3268 ³
1032 3239 1188 3310 invidioseG‘.
1200 3239 1263 3298 Jen's.

230 3300 238 3332 ²
255 3304 355 3364 quidam
367 3302 399 3350 G.
463 3307 482 3332 ¹¹
502 3302 681 3362 consequuntur
689 3302 754 3350 Jens.
766 3301 854 3364 perseq.
867 3303 898 3349 G.

269 3481 311 3530 39.
330 3472 455 3530 tamquam
466 3480 513 3514 non
524 3464 632 3529 novam]
654 3464 722 3515 Inci·
805 3481 851 3526 40.
879 3463 979 3516 Genera
990 3463 1125 3533 reufflirum
1145 3466 1261 3535 quinque]

231 3533 270 3601 pit
289 3532 364 3592 enim,
387 3531 489 3583 Novum
506 3531 606 3592 crimen,
627 3535 721 3602 Caesar,
771 3534 926 3584 Enarrantur
943 3535 1017 3586 etiam
1037 3547 1062 3585 et
1081 3534 1263 3604 explicantura

230 3612 303 3672 atque
312 3611 369 3652 ante
381 3599 513 3651 hztncdiem
521 3600 659 3652 inauditum
669 3604 719 3654 &a
771 3603 891 3652 Cicerone
902 3602 933 3652 de
951 3604 1008 3654 Inv.
1028 3621 1053 3664 1,
1067 3622 1112 3668 15.
1149 3621 1205 3654 uem
1225 3617 1262 3655 to-

233 3672 272 3722 Sic
291 3688 335 3741 pro
353 3669 437 3724 Coelio
457 3687 504 3720 non
522 3671 629 3722 multum
647 3671 721 3731 abest,
771 3681 826 3721 tum
834 3671 921 3721 'locum
932 3671 1055 3723 contulisse
1067 3689 1124 3722 cum
1163 3673 1215 3724 abii
1231 3673 1262 3725 de

231 3743 294 3809 quin
314 3740 383 3792 ludat
401 3750 452 3790 tam
468 3740 595 3810 operosum
613 3751 637 3792 et
655 3741 720 3792 seve·
769 3740 872 3791 exordio
882 3739 994 3792 doetrine
1005 3736 1067 3794 utile
1079 3740 1163 3793 fuerit.

231 3827 286 3862 rum
303 3810 429 3876 judicium
449 3809 474 3859 in
491 3827 516 3860 re
532 3809 639 3877 tantilla,
658 3809 721 3860 Ado·
805 3827 851 3871 42.
862 3807 937 3874 facie
948 3809 1111 3879 quoqueipfa]
1135 3813 1224 3862 Mmet
1235 3811 1262 3864 in

230 3878 352 3948 lescenrem
368 3877 455 3947 illustre·
471 3877 574 3946 ingenio,
591 3877 720 3948 industria,
768 3878 924 3948 metaphora.
950 3879 1059 3930 Frontem
1075 3879 1181 3942 dixerat,
1200 3881 1219 3931 i.
1235 3899 1260 3934 e.

225 3949 327 4015 gratia,
339 3946 451 4018 accusari
466 3948 499 3998 ab
515 3948 567 4013 ejus
575 3947 639 4014 filio,
651 3963 720 4016 quem
770 3949 838 4016 quod
851 3947 959 4018 primum
972 3949 1083 4000 omnium
1097 3951 1122 4000 in
1139 3949 1225 4001 oculor
1237 3961 1262 4002 et

230 4017 278 4086 ipse
289 4016 315 4068 in
319 4017 441 4084 judicium
452 4027 476 4067 et
485 4025 557 4067 vocet
568 4025 592 4068 et
602 4017 718 4068 vocarit:
760 4017 881 4068 mimum
891 4017 1011 4069 incurrit:
1024 4017 1107 4084 facies
1118 4020 1203 4088 itaque
1214 4020 1261 4076 erit

230 4085 364 4154 oppugnari
375 4093 457 4136 autem
469 4085 550 4153 opibus
567 4085 719 4138 meretriciis.
787 4085 825 4138 ius
838 4085 1003 4154 aliquantum,
1011 4099 1035 4139 et
1047 4087 1098 4160 ipsa
1109 4089 1189 4140 totiue
1200 4105 1260 4140 cau.

230 4155 301 4206 Nihis
318 4167 418 4224 ,poterat
437 4155 488 4206 dici
510 4155 541 4206 ad
561 4155 720 4206 minuendam
759 4103 800 4208 'se
820 4155 885 4207 ratio
905 4166 982 4224 atque
1000 4157 1151 4210 constitutio.
1185 4157 1260 4210 Frons

230 4223 718 4346 admirqponemmqneattemionemac·
768 4225 878 4296 primurn
887 4226 1003 4296 emergit,
1013 4226 1097 4292 facies
1108 4226 1256 4296 agnoscitur.

230 4307 309 4344 comm
344 4306 419 4346 anus.
1102 4309 1112 4322 ·“
