3000 4908
398 375 566 440 1NSTIT.
586 365 791 436 ORATOR.
811 369 1004 438 LIB.V1.'1.
1165 395 1226 456 ³49

197 537 328 608 oelcunt
341 537 382 607 ad
393 538 455 606 bos
469 538 567 620 casus,
582 551 638 604 aut
650 535 894 627 frequentissime
907 535 982 604 salsa
996 535 1120 604 dicunt.
1145 537 1225 606 Inde

169 687 173 702 ,
197 627 242 690 est
256 625 356 705 enim,
374 625 481 690 Tendit
495 627 539 690 'ad
550 625 648 712 vestra
659 647 760 710 genua
770 623 919 712 supplices
933 645 1059 704 aratuts3
1082 635 1126 704 et,
1142 624 1223 688 Hea-

198 723 245 774 ret
265 711 297 774 iu
317 710 465 798 complexa
488 710 644 776 liberorum
664 708 769 796 misir3
793 723 838 788 et,
853 709 984 774 Revocat
1002 732 1063 772 ecce
1082 734 1148 774 mer
1170 712 1225 776 etti

135 811 186 880 ,43
200 795 282 860 nihil
295 795 411 861 horum
426 797 466 876 is,
480 795 520 860 de
536 815 604 882 quo
616 793 745 874 dicitur,
760 793 866 858 saciat.
910 796 954 858 Et
975 817 993 858 e
1017 794 1133 859 scholis
1153 795 1225 860 haec

199 880 288 960 vitia,
303 880 335 944 in
359 881 477 968 quibus
500 881 610 944 omnia
631 879 730 943 libere
754 879 915 966 fingimus,
932 893 969 944 et¹
992 879 1134 966 impune,
1172 881 1227 945 uia

153 989 158 1013 f
198 984 258 1055 pro
271 965 356 1033 fatto
370 967 425 1046 est,
440 963 781 1053 quidquidvolumus:
806 986 869 1028 non
891 963 1033 1028 admittit
1053 964 1116 1029 hoc
1137 905 1225 1030 idem

104 1107 106 1114 ,
199 1050 314 1116 veritas
335 1049 396 1116 sori
409 1064 436 1130 ἦ,
451 1050 645 1138 egregieque
665 1049 784 1114 caffius
799 1049 953 1113 Sevems¹
975 1048 1095 1114 dicenti
1116 1050 1225 1116 adole·

197 1133 353 1216 scentulo,
371 1135 457 1223 Quid
476 1160 520 1200 me
541 1148 624 1200 torvo
645 1133 736 1198 vulta
760 1134 894 1214 intueris,
923 1133 1059 1198 Severe?
1089 1135 1158 1200 Non
1181 1161 1227 1200 nae

199 1221 351 1300 herculea
376 1221 518 1308 inquit&
529 1219 719 1306 faciebam,
734 1221 795 1306 sed
803 1219 852 1304 sic
865 1217 1028 1306 scripſssti:
1060 1222 1147 1283 ecce!
1179 1233 1229 1302 et,

145 1323 298 1392 44quam
319 1305 436 1394 potuit,
457 1303 715 1370 truculentissime
735 1325 810 1395 eum
832 1305 961 1390 aspexit.
1007 1303 1091 1368 Illud
1112 1306 1226 1390 praeci-

200 1411 265 1478 pue
278 1392 488 1471 monendum,
503 1411 544 1454 ne
559 1389 655 1477 quisv
677 1389 731 1452 nisi
754 1388 885 1453 summis
907 1387 1030 1476 ingenii
1050 1389 1171 1454 viribus
1185 1389 1226 1456 ad

200 1475 373 1540 movendas
387 1475 533 1540 lacrimas
546 1472 680 1561 aggredi
695 1472 824 1538 audeat:
849 1495 934 1554 nam,
949 1486 987 1538 ut
1000 1474 1043 1538 est
1057 1472 1156 1562 longe
1170 1497 1227 1539 ve·
1276 1528 1285 1547 s

200 1559 453 1624 humentislimus
475 1559 542 1640 hic,
565 1571 665 1634 cum}
688 1559 835 1637 invaluit,
855 1559 998 1638 affeEtus,
1020 1559 1076 1639 ita,
1098 1559 1119 1622 fi
1143 1559 1227 1628 nihil

202 1644 311 1724 efficit,
326 1657 434 1732 tepet:
458 1667 555 1732 quem
570 1641 686 1708 melius
700 1643 843 1708 infirmus
857 1643 943 1708 attor
955 1643 1061 1708 tacitis
1076 1643 1228 1730 judicum

146 1741 189 1813 45
202 1729 451 1817 cogitationibus
465 1728 649 1818 reliquisset.
693 1727 780 1793 Nam
795 1740 828 1792 et
842 1727 961 1809 vultus,
976 1739 1010 1792 et
1028 1750 1103 1808 vox,
1117 1741 1152 1793 et
1165 1729 1230 1816 ipsa

201 1813 258 1878 illa
272 1814 422 1878 excitati²
435 1815 481 1880 rei
495 1813 758 1902 saciessludibrio
771 1813 868 1878 etiam
883 1813 1070 1912 plerumque
1083 1814 1156 1878 sunt
1169 1813 1230 1880 ho-

163 1927 165 1932 ·
201 1899 356 1980 minibus,
372 1921 454 1986 quos
468 1921 532 1965 non
547 1912 783 1986 permoverunt.
827 1900 936 1966 Quare
955 1911 1106 1963 metiatur
1124 1921 1162 1963 ac
1175 1900 1228 1963 di·

201 1983 342 2072 ligenter
355 1985 487 2050 aestimet
501 1985 582 2050 vires
603 1985 672 2048 suas
688 2009 689 2012 ¹
710 1984 789 2064 sior,
805 1996 851 2063 et,
866 1996 1023 2071 quantum
1043 2005 1126 2048 onus
1151 1985 1228 2051 sub-

201 2067 304 2134 iturus
328 2069 376 2149 fit,
392 2069 574 2160 intelligat:
597 2069 680 2134 nihil
726 2071 801 2135 abet
822 2069 877 2133 isla
901 2090 952 2134 res
977 2068 1120 2133 modium
1134 2081 1158 2148 ⁵3
1174 2070 1229 2136 scd

147 2159 190 2235 46
202 2169 257 2219 aut
271 2153 414 2219 lacrimas
427 2170 578 2234 meretur,
591 2167 647 2220 aut
661 2154 766 2220 risum.
810 2155 887 2218 Non
902 2165 1010 2218 autem
1026 2175 1229 2220 commovere

201 2250 327 2304 tanturn
341 2240 587 2320 miserationem,
601 2239 655 2304 sed
669 2240 767 2304 etiam
781 2239 949 2319 discutere,
964 2238 1083 2326 epilogi
1097 2241 1141 2303 est
1154 2261 1230 2328 pro·
1329 2287 1332 2292 -

201 2325 307 2411 prium
321 2349 331 2404 ;
355 2347 455 2422 quum
470 2327 612 2390 oratione
627 2325 879 2410 continuaque
894 2337 999 2388 motos
1015 2324 1155 2388 lacrimis
1170 2325 1229 2412 ju.

202 2407 290 2473 dices
304 2409 344 2473 sd
363 2410 517 2494 justitiam
539 2410 680 2486 reducat,
698 2422 768 2473 tum
790 2410 888 2474 etiam
903 2408 1091 2496 quibusdam
1105 2407 1229 2476 urbane
1315 2437 1317 2445 ⁴

147 2506 188 2575 47
202 2492 317 2558 distis:
340 2495 435 2580 quale
448 2496 503 2574 est,
519 2495 601 2558 Date
635 2497 702 2558 aero
718 2509 838 2582 panem,
853 2517 890 2558 ne
906 2493 1011 2582 ploret.
1054 2496 1098 2558 Et
1111 2513 1228 2593 corpu-

80 2605 84 2615 ·
201 2577 290 2642 lento
304 2579 353 2643 liti
398 2581 470 2659 tori,
486 2579 577 2666 cujus
591 2509 793 2657 adversarior,
808 2579 887 2644 item
901 2601 990 2666 puer,
1006 2577 1090 2642 circa
1100 2579 1230 2666 judices

161 2679 165 2692 '
201 2674 269 2728 erat
282 2664 338 2728 ab'
379 2677 492 2729 vocato
506 2663 602 2743 latus,
621 2663 705 2750 Quid
714 2665 865 2751 faciam?
886 2689 938 2751 ego
961 2677 989 2727 te
1012 2665 1148 2762 bajulare
1169 2687 1229 2729 non

198 2749 322 2836 poffitm.
366 2749 430 2814 Sed
451 2750 522 2814 haec
544 2761 652 2814 tamen
676 2769 740 2812 non
759 2748 951 2814 debentesse
966 2749 1132 2814 mimmab.
1177 2751 1229 2815 Ita

201 2853 307 2922 neque
320 2833 413 2900 illum
427 2834 638 2922 probaverim,
654 2833 709 2920 qui
724 2834 806 2900 inter
820 2833 1000 2898 clarissimos
1014 2834 1060 2898 sui
1076 2835 1228 2921 temporis

184 2931 342 2984 'oratores
370 2919 443 3002 suit,
469 2919 538 3006 qui,
566 2919 671 3006 pueris
697 2908 731 2983 in
758 2918 922 3019 epilogum
951 2917 1123 3004 prodobio,
1147 2920 1229 2985 talos

161 3021 164 3030 ’
226 3002 337 3090 rojecit
350 3003 384 3068 in
400 3005 556 3084 medium,
572 3025 653 3090 quos
667 3003 712 3067 illi
729 3005 865 3090 diripere
879 3017 1063 3090 coeperunt3
1088 3006 1228 3105 namquo

202 3023 274 3154 baec
288 3089 352 3178 ipsa
365 3089 554 3156 discriminis
575 3089 620 3154 sui
636 3089 814 3186 ignorantia
827 3089 933 3175 potuit
947 3087 1005 3152 esse
1020 3089 1227 3154 miserabihs:

114 3177 115 3184 ’
146 3171 191 3255 48
205 3195 308 3323 nepae
322 3174 427 3258 illurn,
442 3175 511 3264 qui,
527 3197 601 3241 cum
617 3175 691 3238 eslot
713 3187 863 3239 cruentus
910 3175 1011 3238 ladius
1033 3174 1102 3261 ejus
1118 3176 1158 3240 ab
1174 3197 1228 3240 ac·

204 3280 245 3323 cu
259 3273 346 3325 atore
361 3263 515 3348 prolatus,
531 3283 597 3349 quo
609 3258 637 3323 is
655 3259 819 3325 hominem
840 3281 897 3346 pro
922 3261 997 3324 abat
1008 3259 1160 3339 occisum,
1175 3261 1226 3326 su-

202 3341 272 3408 bito
286 3365 326 3408 ex
340 3345 492 3410 subselliis
506 3359 544 3410 ut
558 3346 686 3410 territus
700 3344 799 3432 fugit,
814 3357 859 3424 et,
875 3345 981 3432 capite
1002 3365 1042 3408 ex
1061 3357 1150 3432 parte
1171 3367 1227 3411 ve·

193 3425 280 3508 glasto,
295 3451 367 3495 curn
385 3431 445 3495 ade
468 3435 646 3520 agentemd
666 3451 707 3494 ex
726 3431 819 3495 turba
843 3428 1041 3518 prospexisset
1051 3441 1075 3510 ε,
1091 3430 1226 3518 interro·
1301 3431 1306 3443 '

235 3656 248 3688 ⁸
266 3665 307 3698 em.
320 3649 350 3696 G.
361 3649 424 3697 lens.
436 3648 589 3712 etpotestfime
601 3647 678 3712 abeffe.
785 3655 796 3684 ¹
811 3665 851 3696 om.
861 3647 902 3697 ild.
1017 3659 1026 3685 ⁸
1045 3646 1154 3698 hercules
1163 3648 1228 3699 lens.

201 3717 212 3747 ¹
229 3715 313 3776 quidni
325 3715 356 3762 G.
367 3713 431 3762 Jens.
496 3719 507 3742 ⁰
526 3713 614 3761 faciam
625 3711 689 3790 lens:
760 3731 772 3756 v
790 3713 964 3776 quiessent.
1041 3719 1053 3744 ¹
1072 3715 1154 3762 anima
1164 3715 1229 3764 Jens.

197 3800 242 3888 pro
253 3807 312 3869 cum
323 3793 494 3870 obj'cufaescripto
505 3792 560 3857 legit
570 3793 707 3870 aliquiaaia.
796 3797 810 3889 Ξ
825 3793 960 3841 excitanda
968 3791 1032 3841 Jens.
1114 3801 1127 3831 ⁸
1142 3813 1185 3851 em,
1196 3795 1228 3843 G.

202 3869 336 3984 113ἒὲιέῑέ
340 3859 371 3908 G
383 3873 482 3906 rnrnuca
491 3859 555 3906 Jens.
620 3865 630 3891 ⁶
649 3861 674 3907 rd
687 3859 716 3906 ad.
828 3859 949 3920 agendum
959 3859 1022 3908 Jens.
1034 3856 1065 3908 G.
1148 3866 1158 3890 ²
1177 3873 1230 3924 per·

203 4082 238 4136 ‹lo
249 4081 351 4145 sarissas,
360 4084 401 4138 sed
412 4095 477 4140 totas
489 4096 560 4138 arura
571 4084 691 4147 scribunt,
740 4079 808 4154 quod
819 4083 893 4136 modo
910 4083 941 4138 de
976 4085 1041 4136 ueris
1060 4083 1086 4136 in
1103 4082 1229 4150 judicium

205 4167 281 4222 quarn
292 4165 378 4220 agant.
740 4153 854 4206 auduus
874 4151 929 4206 adla
943 4153 949 4165 '
961 4172 1010 4226 que
1030 4153 1136 4218 duent,
1159 4153 1228 4210 Date

238 4237 284 4291 47.
300 4221 358 4276 item
372 4222 450 4294 puer]
476 4221 588 4295 Respicit
605 4221 637 4278 ad
655 4223 692 4286 it,
735 4231 814 4297 puero
821 4231 922 4292 parm
