3022 4920
246 375 302 436 108
476 373 520 436 M.
543 377 667 436 FABII
690 375 1037 438 GUINCTILIANI

261 633 320 688 rara
336 647 526 709 qnaeremus.
572 625 663 689 Quid
678 647 755 712 ergo
771 628 781 688 ἓ
827 627 1015 722 Numquam
1040 627 1110 690 haee
1124 629 1216 715 supra
1231 629 1269 693 fi-

237 707 323 787 dem,
339 721 371 772 et
388 709 512 795 poetica
530 714 579 793 (ut
594 733 665 774 vere
679 709 826 790 dixerim)
844 699 995 790 theniata,
1005 711 1180 800 juvenibus
1197 735 1268 794 per-

237 795 370 858 trattare
386 795 617 880 permittemus,
634 810 691 860 ut²
705 796 927 881 exspatientur,
944 811 976 861 et
988 797 1148 883 gaudeant
1163 811 1267 863 mate·

235 877 294 958 ria,
311 893 344 944 et
366 881 449 964 quast
470 881 502 943 in
519 903 634 979 eorpus
658 883 755 944 eant?
791 882 890 944 Eratb
909 883 1092 968 optimumz
1114 882 1167 946 sed
1181 880 1302 948 certe6

236 964 294 1028 srnt
309 965 440 1050 grandia
454 978 487 1030 et
501 965 637 1044 tumida,
649 988 713 1030 non
729 966 819 1029 stulta
830 966 939 1045 etiam,
952 981 985 1031 et
998 965 1171 1032 acrioribus
1186 991 1267 1033 ocu-

234 1049 275 1114 lis
290 1049 428 1130 intuenti
450 1050 606 1115 ridicula:
629 1065 667 1115 ut
688 1051 707 1114 sr
725 1052 793 1138 jam
809 1051 989 1116 cedendum
1008 1053 1061 1132 est,
1078 1051 1211 1137 impleat
1235 1054 1267 1118 se

235 1133 430 1202 declamator
455 1136 638 1222 aliquando,
658 1137 737 1200 dum
756 1136 843 1215 sciat,
867 1158 916 1200 ur
941 1136 1170 1223 quadrupedes,
1191 1159 1267 1204 cum

233 1219 326 1291 viridi
348 1221 464 1306 pabulo
490 1223 631 1285 distentae
646 1223 730 1301 sunt,
745 1220 906 1308 sanguinis
930 1222 1127 1288 detmttione
1151 1245 1266 1288 curan-

234 1319 299 1385 tur,
313 1319 345 1369 et
361 1307 400 1368 fic
415 1307 455 1370 ad
471 1307 560 1370 cibos
575 1307 696 1372 viribus
711 1307 931 1370 conservandis
951 1307 1083 1371 idoneos
1096 1308 1230 1372 redeunt
1240 1323 1267 1389 ⁶,

233 1388 279 1454 ita
306 1391 361 1455 srbi
387 1414 515 1479 quoque
539 1392 717 1458 tenuandas
743 1392 864 1478 adipes,
883 1405 918 1456 et
941 1391 1099 1479 quidquid
1122 1393 1268 1458 humoris

234 1477 376 1564 corrupti
393 1477 594 1556 contraxerit,
611 1477 838 1556 emittendum,
856 1477 875 1541 fi
892 1477 952 1541 esse
966 1477 1056 1541 sanus
1070 1499 1107 1542 ac
1121 1480 1266 1544 robustus

233 1561 331 1624 volet.
363 1562 496 1649 Alioqui
512 1578 619 1627 tumor
634 1562 689 1626 ille
705 1563 808 1626 inanis
821 1562 925 1649 primo
939 1562 1092 1648 cu'usque
1108 1563 1171 1626 veri
1186 1585 1263 1648 ope·
1279 1575 1297 1643 7

232 1645 275 1709 ris
290 1661 406 1712 conatn
422 1647 688 1733 deprehendetur.
710 1651 831 1712 Totum
847 1662 955 1712 autem
971 1586 1171 1712 declamandi
1184 1671 1268 1735 opus

233 1731 289 1819 qui
317 1731 473 1796 diversum
497 1734 629 1798 omnino
647 1755 667 1796 a
685 1732 881 1798 forensibusd
906 1734 1016 1798 cauffis
1038 1734 1266 1813 eristinrant,ii

231 1815 375 1902 profesto
390 1841 431 1881 ne
451 1818 608 1882 rationem
645 1818 767 1897 uidem,
783 1841 846 1903 qua
861 1818 916 1882 illa
938 1818 1123 1882 exercitatio
1137 1819 1265 1884 inventa

232 1901 280 1978 stt,
298 1895 476 1988 periddent.
519 1842 648 1968 Nemi
670 1902 739 1968 soro
764 1926 828 1966 non
853 1893 1029 1989 praepiarat':
1052 1915 1109 1968 aut
1132 1896 1297 1968 scenicae8

230 1987 444 2068 ostentationi,
473 2001 529 2054 aut
562 1989 686 2054 suriol'ae
723 1987 943 2054 vociferationi
977 1987 1171 2052 simillimum
1209 1989 1262 2053 esi.

135 618 142 650 Ι
238 559 303 686 pue
325 537 426 626 magis
440 539 546 604 adhuc
568 538 708 604 sabulosa
729 539 838 604 frustra
860 539 944 603 inter
946 541 1113 629 spoifiones
1126 551 1159 606 et
1174 541 1268 608 inter-

264 2173 584 2238 ¹etlpatientut,utonrffl
595 2175 626 2222 G.
691 2171 954 2224 bli.ritG.Jens.rnale.
1019 2171 1144 2220 ereddunt
1155 2172 1187 2222 G.
1199 2173 1265 2221 Forte

219 2237 274 2304 suit
285 2238 352 2285 etiarn
359 2237 483 2301 precedens
495 2239 587 2310 verbnm
598 2248 691 2287 curant.
762 2243 773 2269 ‘¹
792 2236 1020 2286 construerent.

230 2434 291 2470 num
299 2417 390 2479 virum,
401 2415 647 2488 utsuspicareturhic
657 2436 720 2486 qno·
768 2415 820 2487 poll
833 2415 979 2468 Brislonium
999 2415 1064 2484 apud
1083 2415 1126 2467 Ill.
1140 2417 1260 2471 Heinecc.

229 2490 322 2560 queita
334 2487 472 2558 legendum.
492 2489 537 2539 Sed
545 2493 637 2558 optime
645 2489 720 2548 idem,
769 2487 902 2566 Antiquit.
915 2504 943 2550 4,
956 2489 983 2548 6,
996 2504 1010 2535 2
1016 2487 1056 2552 5.)
1070 2485 1202 2547 interdicit,
1215 2490 1262 2558 qui

230 2569 255 2608 et
274 2555 347 2609 desta
369 2557 410 2609 illa
430 2557 546 2609 modestia
568 2559 637 2618 ulos,
657 2557 720 2608 mhil
768 2554 929 2634 poss‘esltonem
946 2557 981 2607 rei
1000 2556 1160 2607 controversae
1180 2560 1259 2626 petits

230 2629 349 2678 mutavit.
387 2628 440 2678 Nec
460 2630 525 2678 enim
546 2626 656 2696 profesio
678 2643 718 2678 ne·
768 2625 923 2677 interdianum
939 2627 984 2676 dat
1001 2639 1101 2694 praetor,
1121 2625 1187 2692 (vid.
1205 2626 1260 2678 lau-

230 2713 289 2764 gare
301 2700 358 2766 quis
371 2696 440 2758 susrt,
453 2696 589 2766 responsum
603 2697 677 2748 etiam
689 2696 721 2748 de
768 2695 842 2747 datus
858 2697 977 2747 Heinecc.
989 2711 1018 2758 4,
1032 2713 1042 2746 1
1050 2711 1075 2759 5,
1089 2713 1114 2745 2.
1129 2695 1201 2764 sqq.)
1229 2698 1261 2749 In

230 2765 279 2818 alia
289 2784 315 2818 re
326 2784 402 2834 quarn
414 2767 445 2818 de
458 2766 601 2836 pestilentia,
613 2766 720 2834 petitum
769 2765 808 2816 his
821 2765 900 2833 igitur
907 2765 1020 2825 exerceri,
1030 2765 1075 2833 qui
1085 2765 1117 2818 ad
1124 2762 1207 2818 forum
1215 2766 1260 2817 ad·

230 2836 262 2887 ab
274 2836 384 2898 oraculo,
393 2837 546 2888 declamandi
563 2833 631 2890 fuisst
642 2847 720 2887 mate·
769 2833 871 2904 spirant,
892 2833 999 2903 prosette
1016 2832 1106 2886 melius
1125 2834 1168 2896 est,
1183 2853 1260 2904 quam

229 2906 299 2956 riem.
328 2907 364 2956 Ut
375 2907 439 2958 enim
449 2907 491 2957 illa
503 2908 528 2958 in
541 2907 620 2975 primo
632 2905 720 2958 Iliadis
768 2902 941 2956 inmonstrofis
954 2904 1003 2956 illis
1015 2905 1135 2956 materiis.
1351 2955 1355 2963 ,

229 2975 365 3044 pestilentia
385 2978 416 3026 ob
436 2975 593 3046 Chryseidam
616 2975 720 3028 immissa
801 2991 830 3040 Ις.
843 2972 1039 3042 intorpescunt]
1053 2973 1258 3041 Corpusfaeiant,

229 3045 369 3113 exemplum
378 3043 552 3097 fuissevidetur
560 3056 584 3096 et
593 3045 721 3109 ngolievnn
768 3045 866 3114 copiam
879 3043 924 3094 sibi
942 3059 1021 3093 rerum
1033 3053 1059 3092 et
1070 3044 1202 3094 verborum
1214 3062 1258 3112 pa.

223 3126 429 3186 ¹argumentorum
447 3114 579 3166 fimilium:
601 3117 635 3165 ita
648 3113 718 3183 Iphi·
768 3125 832 3175 rent,
844 3129 874 3164 ne
886 3111 957 3164 exilis
974 3123 998 3164 et
1007 3111 1089 3176 jejuna
1100 3110 1128 3162 sit
1140 3111 1258 3180 eloquen-

228 3185 301 3252 genia
313 3183 355 3234 illa
367 3184 504 3246 inAnlide,
518 3186 562 3252 (ab
574 3183 718 3237 oracuload
767 3183 812 3234 tis.
851 3181 958 3234 Illustrat
970 3179 1103 3232 fonnulam
1116 3180 1179 3234 hanc
1192 3181 1259 3234 Bur-

228 3253 410 3320 navigationem
424 3255 522 3306 Graecis
537 3253 716 3324 impetrandam
766 3269 882 3314 mannus,
895 3251 963 3320 quod
980 3253 1011 3302 ad
1023 3251 1044 3301 F
1045 3251 1133 3303 abrum
1148 3251 1200 3318 jam
1211 3269 1257 3304 no·

228 3322 350 3374 immolari
360 3323 434 3390 jussa)
444 3323 651 3376 declamatoribus
663 3341 716 3374 ma·
766 3323 884 3373 ravimus.

186 3393 189 3402 ¹
227 3394 314 3444 teriam
338 3395 461 3464 praebuit:
480 3395 511 3445 de
531 3395 640 3446 Libanio
660 3394 716 3462 qui·
803 3395 828 3442 6.
843 3391 909 3442 Erat
919 3387 1045 3458 optimum]
1060 3387 1109 3440 His
1121 3389 1204 3442 verbis
1215 3408 1258 3444 ne-

226 3462 283 3514 dem
295 3462 473 3514 etAlexandro
481 3464 586 3532 Sylvano
598 3462 657 3514 illud
667 3463 716 3516 ob·
766 3473 810 3530 gat
822 3461 916 3512 Fabius
929 3458 1074 3531 propositam
1084 3459 1255 3527 quastionemt

227 3531 305 3583 servat
317 3533 342 3582 in
352 3534 510 3603 Argumento
518 3534 654 3604 Iphigeniae
663 3535 716 3584 Eu-
766 3541 823 3582 erat
835 3531 889 3581 sane
900 3529 1022 3599 optimum,
1032 3529 1124 3598 inquit,
1133 3545 1258 3600 nunquam

227 3601 328 3664 ripideae
340 3602 477 3654 Barnesrus.
765 3598 809 3670 ista
819 3599 971 3669 permittere.
1008 3598 1103 3650 Deinde
1120 3616 1185 3660 vero,
1199 3617 1257 3652 cum

266 3689 291 3735 5.
309 3671 432 3741 feviores
454 3671 556 3740 tragicis
578 3672 715 3736 novercas]
767 3671 876 3739 primum
893 3671 940 3722 hoc
962 3669 1087 3739 impetrari
1106 3684 1155 3718 non
1175 3669 1255 3738 polilt,

227 3741 313 3793 Etiam
321 3743 394 3808 hujus
406 3745 545 3812 argumenti
558 3742 717 3811 pluraexem-
765 3757 819 3791 eum
830 3741 959 3792 cedendum
962 3739 1006 3807 fit,
1017 3750 1046 3789 ut
1059 3737 1140 3789 statim
1155 3727 1256 3804 snbjun-

226 3810 268 3880 pla
286 3813 396 3881 praebent
407 3812 571 3885 Qinsiil'rani
585 3823 609 3862 et
622 3813 718 3862 Senecae
766 3810 815 3878 git,
826 3810 924 3861 devenit
941 3811 970 3860 ad
984 3807 1106 3860 alterum:
1126 3817 1150 3858 et
1169 3807 1194 3858 in
1208 3807 1255 3860 hoc

227 3880 425 3933 declamationes.
765 3880 840 3930 etinm
852 3880 944 3947 gradus
974 3877 1022 3929 uasr
1041 3875 1159 3946 quosdam
1170 3874 1253 3935 facite

246 3989 249 3996 -
266 3969 289 4015 5.
300 3949 432 4021 sponsiones
442 3961 466 4002 et
475 3949 618 4014 interdieta]
639 3951 716 4002 Seria·
758 3948 809 4016 sint
819 3897 1012 4017 grandia3lroc
1031 3945 1140 4015 permitti
1159 3947 1253 4014 potest:

224 4037 283 4072 rum
300 4023 407 4074 maxime
425 4021 549 4072 aslionum
567 4022 677 4080 nomina,
692 4031 717 4071 et
757 4018 808 4083 ſsnt
819 4020 894 4069 etiam
905 4017 1020 4079 tumida3
1039 4025 1161 4084 quatenus
1177 4016 1211 4066 im
1230 4036 1255 4070 e·

225 4091 251 4140 in
265 4089 341 4141 causis
354 4091 506 4158 quotidianis
520 4089 615 4140 usitata.
641 4092 716 4157 Spon-
764 4087 977 4160 dirinonpotesle
993 4083 1188 4162 nonauttmsrnt
1218 4086 1256 4143 ul·

218 4159 308 4226 fiunem
319 4161 385 4210 enirn
398 4159 631 4229 srvesacrnmenturn
642 4161 714 4210 inter-
764 4168 793 4210 ta
806 4158 854 4210 &c

225 4241 321 4299 ponunt
343 4229 481 4299 litigantes,
503 4229 571 4297 (vide
595 4227 716 4281 formulas
