3024 4912
171 427 176 434 '
285 444 343 520 246
531 445 576 507 u.
598 447 723 508 mnu
745 445 1073 513 numeruntur

282 606 371 688 dem,
385 607 438 674 sed
453 619 559 674 tamen
575 634 669 697 quam
684 611 927 708 jucundiffima:
951 613 1073 700 figurae,
1090 633 1154 678 non
1168 609 1231 676 illae
1244 632 1305 700 po,
1317 617 1358 668 ¹¹⁸

282 693 386 774 eticae,
402 707 436 760 et
457 708 568 762 contra
582 697 676 762 finem
691 710 703 736 ¹¹
724 697 875 784 loquendi
897 698 1082 762 audioritate
1096 710 1236 762 vetemm
1252 721 1303 764 re-

283 791 395 866 ceptae,
414 783 501 866 (nam
517 781 613 846 debet
633 782 692 848 effe
712 804 807 869 quam
830 783 1008 868 puriffimus
1028 784 1142 863 sermo)
1160 782 1212 848 sed
1232 805 1304 870 qum

282 864 433 930 varietate
447 865 577 930 taedium
591 866 745 954 effugiant
756 881 780 944 ⁰,
795 880 829 932 et
842 867 1072 934 mutationibus
1093 867 1236 934 animum
1255 867 1303 932 le·

282 962 381 1014 vent:
413 973 455 1015 ne
481 951 514 1014 in
540 952 690 1016 eumdem
713 952 830 1030 casum,
855 951 984 1018 fimilem
1007 952 1304 1040 compositionem,

357 1059 372 1100 a
386 1035 603 1102 elocutionum
618 1038 733 1102 tradlua
747 1037 935 1103 incidamus.
980 1037 1075 1102 Caret
1088 1037 1175 1102 enim
1192 1038 1305 1106 ceteris
1351 1090 1356 1113 ,

281 1055 450 1186 learleociniis
471 1121 633 1207 expositio,
648 1135 692 1200 et,
715 1122 769 1186 nisr
792 1121 1033 1186 commendetur
1053 1121 1113 1188 hac
1133 1123 1303 1204 venustate,

277 1202 383 1292 jaceat
398 1206 517 1272 necesse
530 1207 584 1270 est.
628 1207 699 1272 Neo
713 1208 746 1272 in
762 1206 829 1272 ulla
842 1221 929 1293 parte
950 1205 1103 1272 intentior
1116 1207 1160 1272 est
1179 1207 1301 1294 judex:
1318 1225 1358 1274 ¹¹9

281 1311 387 1376 eoque
401 1291 480 1356 nihil
495 1292 578 1356 reste
591 1291 712 1358 diuum
728 1292 819 1378 perit.
863 1294 1025 1371 Praeterea,
1040 1291 1144 1358 nescio
1188 1314 1302 1358 uomo-

283 1375 337 1452 do,
352 1376 449 1442 etiam
474 1376 575 1442 credit
599 1375 734 1454 facilius,
750 1400 823 1463 quae
848 1376 991 1442 audienti
1009 1375 1153 1464 jucunda
1166 1316 1256 1458 lirnt,
1270 1392 1304 1444 ct
1369 1435 1378 1462 ,

281 1460 446 1548 voluptate
459 1461 497 1525 ad
513 1461 632 1534 fidem*
650 1462 790 1526 ducitur.
835 1463 900 1526 Ubi
914 1483 988 1526 vero
1005 1461 1107 1547 major
1120 1484 1168 1526 rea
1182 1463 1253 1542 erit,
1270 1476 1303 1530 et
1317 1480 1362 1516 ¹20

282 1547 402 1611 atrocia
426 1546 588 1624 invidiose,
612 1559 646 1611 ct
667 1546 764 1612 tristia
787 1545 1003 1612 miserabiliter
1024 1546 1129 1612 dicere
1150 1547 1300 1614 decebit:

282 1651 360 1710 non,
376 1645 414 1698 ut
428 1632 653 1698 consumantur
665 1632 807 1711 affedlus,
823 1630 887 1708 sed,
902 1644 941 1696 ut
959 1645 1065 1696 tamen
1087 1631 1173 1698 velut
1193 1633 1304 1720 primis
1348 1681 1352 1696 .

282 1717 377 1784 lineis
392 1717 613 1804 defignenturr
636 1728 673 1785 ut
687 1717 792 1804 plane,
809 1716 1039 1801 qualisisutura
1060 1717 1096 1781 fit
1117 1717 1225 1816 imago
1246 1719 1302 1804 rei,

266 1801 275 1860 .’
283 1801 385 1866 statim
413 1816 569 1889 appareat.
613 1803 666 1868 Nc
691 1802 845 1868 sententia
870 1801 1000 1887 quidem
1026 1801 1113 1866 velut
1136 1801 1303 1890 fatigatum
1317 1820 1356 1857 ¹²¹

281 1887 459 1952 intentione
473 1887 667 1954 stomachum
681 1885 800 1973 judicis
813 1887 941 1951 reficere
953 1885 1153 1966 dissuaserim,
1168 1888 1305 1956 maxime
1347 1945 1351 1962 .

306 1973 415 2038 uidem
437 1973 543 2038 brevir
567 1972 731 2060 interjecta
740 1984 760 2051 ⁸,
782 1971 883 2058 qualis
905 1972 948 2036 est
969 1970 1035 2051 illa,
1059 1973 1200 2038 Fecerunt
1216 1974 1305 2071 servi

281 1995 421 2137 idilonis,
438 2060 516 2144 quod
527 2059 600 2145 suos
614 2059 732 2156 puffque
745 2059 851 2144 servos
865 2057 897 2120 in
911 2081 943 2120 ra
957 2057 1013 2122 tali
1026 2057 1134 2142 fucere
1148 2058 1303 2146 velustate

280 2141 408 2215 interim
425 2143 532 2230 paullo
545 2144 702 2221 liberiore,
718 2141 820 2229 qualis
834 2142 876 2204 est
891 2141 957 2218 illa,
973 2142 1068 2206 Nubit
1104 2145 1303 2230 merosacrus,

218 2255 230 2276 ν
281 2228 374 2292 nullis
389 2229 535 2316 auspiciis,
549 2227 642 2292 nullis
656 2227 833 2304 arctioribus,
838 2224 967 2312 funestis
982 2167 1140 2290 ominiffirs‘
1163 2228 1301 2300 omnium,

283 2313 382 2380 Quod
397 2335 469 2378 oum
486 2313 522 2378 fit
534 2312 652 2390 saelum
671 2311 710 2376 iis
725 2333 854 2400 quoque
876 2311 1083 2396 temporibus,
1098 2311 1215 2398 quibus
1229 2336 1300 2378 om·
1315 2333 1361 2390 tta

281 2401 331 2464 nis
346 2399 388 2464 ad
407 2397 579 2466 utilitatem
598 2396 715 2484 potius,
730 2419 823 2483 quam
845 2395 884 2460 ad
905 2397 1156 2477 ostentationem,
1170 2419 1302 2485 compo.

280 2485 415 2550 nebatur
436 2484 548 2563 oratic,
565 2496 605 2548 et¹
618 2495 707 2548 erant
728 2481 833 2558 adhuc
853 2480 1005 2546 severiora
1019 2480 1159 2568 judicla:
1181 2497 1303 2569 quanto

280 2569 366 2637 nun'e
380 2568 560 2637 faciendum
574 2568 691 2654 magis,
706 2589 779 2640 cum
796 2567 828 2644 in
840 2565 902 2651 ipsa
913 2567 1024 2652 capitis
1037 2574 1094 2636 aut
1103 2565 1303 2638 fortunarum

279 2653 419 2742 pericula
433 2654 545 2740 irrupit
559 2653 728 2751 voluptas?
755 2652 820 2748 Cui
839 2651 1004 2735 hominurn
1027 2650 1178 2718 desiderio
1198 2674 1301 2802 ‹poan-

280 2753 350 2806 tum
375 2740 442 2804 dari
467 2739 594 2817 debeat,
610 2737 672 2802 alro
693 2737 765 2802 loco
790 2735 925 2814 dream(
952 2735 1084 2804 Interim
1108 2735 1150 2800 ali
1174 2736 1204 2800 ui
1248 2738 1300 2804 in.

279 2825 334 2893 dul
360 2824 478 2890 endum
492 2823 552 2888 else
566 2822 731 2888 confiteor.
774 2819 918 2885 Multum
940 2819 1062 2902 confert
1081 2819 1129 2907 adj
1181 2823 1358 2898 averisrz3

279 2849 440 2976 credibilis
454 2931 561 2974 rerum
577 2908 697 3058 imafio,
714 2928 786 2994 quae
801 2905 890 3003 velut
904 2905 937 2970 in
953 2928 1018 3004 rem
1034 2905 1215 3002 praesentem
1232 2929 1303 2994 per
1346 2903 1351 2914 ’

225 3077 234 3092 ι
280 2996 397 3064 ducere
424 2994 588 3064 audientes
613 2994 644 3066 vi
667 3005 760 3058 etur:
792 2991 895 3080 qualis
918 2991 962 3062 est
985 2989 1041 3066 illa
1064 2991 1115 3088 M.
1144 2991 1239 3094 Coelii
1261 2993 1301 3083 in

310 3259 324 3285 ἢ
336 3249 410 3296 fidem
422 3249 452 3296 G.
462 3247 525 3294 lens.
534 3258 556 3292 er
566 3245 597 3294 al.
610 3257 647 3310 ap.
664 3247 743 3294 Burin.
762 3255 836 3292 contra
846 3243 920 3290 eadem
931 3251 1044 3307 permutat
1059 3242 1124 3290 Jenl'.
1137 3252 1165 3304 p.
1177 3252 1205 3304 p.
1214 3244 1260 3308 sub
1276 3261 1302 3314 q,

279 3319 290 3343 ⁸
304 3313 495 3374 effugiat-levet
504 3311 537 3358 G.
547 3311 611 3358 lens.
674 3317 686 3350 Ρ
702 3309 875 3371 expositionem
886 3308 927 3356 iid-
990 3317 1001 3353 t
1019 3307 1094 3354 finem
1104 3307 1167 3354 Jens.
1179 3308 1229 3355 vid.
1236 3319 1263 3372 p.
1276 3325 1301 3360 a,

270 3377 351 3444 stain.
416 3376 599 3427 ruentum
651 3372 914 3452 ‘interjectionelcnsa
968 3369 987 3408 '¹
1009 3371 1123 3420 omuibus
1134 3371 1165 3424 G.
1174 3373 1263 3422 lent·

277 3624 326 3728 nl
334 3600 766 3742 tlztltltglttlttstlil
814 3599 1304 3788 lllsieiigiil,iilil‘iiiillpll

276 3747 305 3802 irt
329 3742 496 3812 intelligamur
506 3735 519 3792 i
544 3741 631 3811 figurae
672 3739 767 3795 uaedam
815 3739 879 3788 votis
911 3754 998 3819 umas:
1028 3748 1058 3816 et¹
1075 3735 1152 3816 §.stin
1175 3737 1302 3801 omnibus,

276 3809 766 3936 P‘l‘laetblttttliltttlt‘¹¹¹5
815 3804 1161 3946 qlllttiitltlldi
1188 3873 1302 3930 ninum

276 3899 349 4012 sinin
359 3901 467 4002 uvidetur
486 3897 589 4000 alterir‘m
608 3947 668 4000 illud
679 3893 766 4016 fideii,
816 3913 966 4024 put'a,‘duod
977 3945 1007 4024 de
1023 3943 1181 4023 centumuiri}
1197 3943 1260 3999 dicit
1272 3963 1302 4009 4,

278 4026 305 4074 h.
318 4041 341 4073 e.
354 4032 445 4071 certam
457 4019 652 4086 constantemque
669 4029 693 4068 et
705 4017 768 4067 inte'r
819 4023 843 4075 t,
857 4031 898 4079 57.
927 4011 1018 4064 Similis
1029 4010 1126 4078 querela
1136 4011 1223 4066 demde
1233 4031 1261 4076 4,
1276 4032 1302 4080 3,

278 4095 299 4144 l'e
311 4088 497 4141 consentientem
507 4087 662 4156 loquentium
682 4085 767 4138 anilo·
816 4101 842 4138 2.
870 4084 962 4132 Verum
982 4079 1039 4161 add.
1060 4083 1087 4140 ¹8,
1108 4097 1132 4144 3,
1156 4098 1179 4162 5..
1193 4081 1247 4162 sqq.
1269 4083 1302 4141 ad

277 4163 387 4213 ritatem.
816 4155 888 4221 quem
900 4151 980 4202 lorum
992 4149 1032 4201 lnc
1043 4146 1106 4202 forte
1116 4148 1247 4218 respicit·
1282 4205 1285 4212 Ι

316 4217 374 4282 iar.
387 4223 502 4278 ominibus
512 4223 628 4292 omnium]
644 4223 768 4293 Ultimam
853 4239 910 4284 ιη.
930 4219 969 4272 Μ.
984 4217 1065 4296 Credi]
1079 4219 1165 4270 Amici
1177 4219 1244 4294 illius
1256 4219 1303 4271 ct.

257 4325 259 4328 ·
277 4315 362 4354 vocem
386 4296 452 4368 apud
475 4295 619 4353 Ciceronem
640 4293 729 4356 delerit
752 4310 766 4346 e
814 4291 918 4352 ceronio,
930 4287 961 4342 ad
978 4303 1051 4362 quem
1062 4298 1112 4341 eta
1130 4287 1222 4370 quoest
1239 4287 1303 4368 liber
