3022 4920
242 407 285 470 90
482 391 526 450 M.
550 389 675 450 FABlI
698 387 1043 452 QUINCTILIANI

245 555 320 620 tasse
334 553 452 634 vitiosa,
469 563 502 619 et
513 553 638 641 placere
652 552 990 642 audientibusjudieio
1003 553 1059 618 suo
1074 565 1181 642 coget.
1226 555 1274 620 Sit
1288 551 1328 623 ἠ

245 660 324 728 ergo
347 655 413 706 tam
435 639 485 705 elo
510 640 626 718 uentis,
640 663 735 740 quani
762 640 903 704 moribus
923 639 1195 726 praesttmtiffimus,
1217 643 1274 728 qui

246 727 287 791 ad
314 725 473 792 Phoeriicis
527 727 659 791 omerici
678 726 862 814 exemplum
884 725 1001 805 dicere,
1024 748 1062 789 ac
1085 726 1188 791 facere
1213 727 1273 791 do-

244 826 327 877 ceat.

272 899 346 962 'IV.
370 896 458 961 Hinc
476 897 558 984 jam,
574 919 653 984 quas
678 896 794 983 primas
817 895 850 958 iii
870 894 1015 959 docendo
1036 909 1140 982 partes
1162 897 1273 962 rheto-

244 990 334 1048 rnm¹
359 996 482 1068 putem,
506 983 627 1047 tradere
657 981 826 1067 incipiam:
859 981 957 1044 dilata
983 995 1182 1068 mparumper
1206 983 1272 1063 illa,

243 1089 317 1156 quae
340 1069 405 1132 sola
419 1067 517 1155 vulgo
536 1081 674 1142 vocatur,
692 1079 755 1129 arte
777 1067 933 1130 rhetorico.
978 1067 1028 1130 Ac
1050 1069 1131 1130 mihi
1154 1091 1273 1154 oppor-

244 1169 341 1218 tunus
356 1153 494 1217 maxime
510 1153 635 1217 videtur
656 1151 806 1239 ingressus
822 1153 891 1214 sbfl·
905 1173 956 1229 eo,
974 1151 1066 1216 cu'us
1088 1153 1209 1238 aliquid
1233 1155 1271 1217 fi-

244 1239 321 1304 mile
342 1239 425 1326 apud
448 1239 674 1326 grammaticos
699 1259 777 1323 puer
799 1235 959 1300 didicerit.
986 1175 1047 1301 ‘dt
1068 1239 1144 1324 quia
1166 1257 1305 1307 narra-2

243 1325 381 1404 tionum,
394 1347 470 1388 exce
494 1338 525 1387 ta
539 1346 602 1412 qus
622 1323 655 1386 in
680 1322 787 1386 caustis
810 1321 942 1400 utimur,
958 1333 1044 1386 tres·
1068 1325 1273 1410 accepimus?

243 1347 535 1497 species,fabusdm‚
551 1433 622 1495 quae
636 1407 774 1472 versatur
793 1408 825 1470 iii
847 1407 1012 1494 tragoediis
1024 1421 1131 1496 ¹utque
1154 1411 1271 1476 carmi-

244 1497 351 1574 nibus,
366 1519 430 1562 non
453 1518 472 1557 a
494 1495 626 1558 veritate
648 1492 756 1570 inodo,
773 1493 826 1556 sed
848 1493 945 1556 etiam
966 1516 986 1556 a
1004 1491 1271 1561 forma·veritatis

243 1595 398 1647 remotam
412 1593 660 1666 ;·argumentnm,
677 1577 764 1664 quod
784 1577 909 1657 falsum,
925 1578 979 1642 sed
1001 1601 1076 1642 vero
1097 1580 1196 1644 fimile
1212 1604 1270 1647 co-

243 1667 369 1730 nioedise
384 1665 509 1762 fingunt
523 1689 532 1743 3
556 1663 716 1751 hssorz'am,
732 1663 765 1725 in
782 1685 846 1750 qua
859 1663 901 1727 est
915 1666 1010 1750 gestae
1026 1666 1071 1728 rei
1094 1666 1244 1752 expositio
1258 1693 1269 1747 ;

241 1750 457 1850 grammaticis
478 1762 610 1814 autemi
633 1749 773 1836 poeticas
796 1747 965 1812 dedimus:
1003 1750 1086 1836 apud
1107 1751 1270 1817 rhetorem

242 1836 370 1900 initium
386 1835 422 1898 sit
430 1835 562 1897 historia
573 1850 594 1913 t,
611 1848 700 1898 tanto
715 1834 870 1898 robustior
878 1847 901 1912 ⁶,
918 1848 1039 1920 quanto
1055 1837 1168 1900 verior.
1206 1839 1300 1920 Sed3

242 1921 385 1986 narrandi
431 1920 540 1983 uideni
564 1943 636 2006 quae
660 1921 753 1984 nobis
776 1920 896 2004 optima
918 1919 999 1982 ratio
1021 1919 1176 2000 videatur,
1197 1935 1267 1986 tum

241 1943 535 2083 demonstrdliimus,
551 2026 625 2068 cum
642 2005 682 2068 de
704 2003 843 2068 'udicisli
858 2017 947 2090 parte
961 2005 1117 2069 dicemus.
1163 2009 1268 2072 Inter-

241 2093 286 2156 im
301 2091 471 2155 admonere
485 2090 564 2154 illud
580 2090 650 2154 satis
666 2029 720 2170 esi,
738 2103 775 2153 ut
795 2091 832 2152 fit
851 2112 888 2152 ea
910 2108 1020 2176 neque·
1038 2091 1125 2154 arida
1146 2095 1269 2176 prorsus

241 2190 336 2262 atque
350 2175 477 2262 jejuna:
506 2187 590 2260 (nam
608 2173 686 2261 quid
707 2195 787 2260 opus
802 2185 867 2238 erat
883 2186 1008 2237 tantum
1031 2177 1137 2240 studiis
1152 2177 1269 2242 laboris

240 2261 435 2348 impendere,
451 2261 470 2322 fi
486 2281 534 2323 res
555 2260 656 2324 nudas
680 2273 776 2345 atque
794 2259 953 2322 inornatas
969 2261 1109 2326 indicare
1129 2263 1202 2326 satis
1217 2264 1268 2326 vi·
1333 2283 1337 2289 ·

240 2347 408 2428 deretur?)
431 2367 535 2432 neque
556 2345 659 2410 rursus
681 2345 811 2422 finuosa,
826 2357 859 2408 et
877 2345 1024 2410 arcellitis
1046 2347 1143 2411 deseri
1168 2349 1267 2412 tioni-

238 2433 313 2510 bus,
328 2432 360 2494 iii
376 2451 456 2518 quas
471 2430 613 2517 plerique
627 2429 805 2494 inritatione
825 2431 959 2516 poetieae
977 2429 1117 2496 licentiae
1139 2371 1266 2498 ducun-

238 2531 302 2596 tur,
317 2516 443 2581 lasciva.
485 2515 610 2580 Vitium
625 2529 817 2602 utrumque:
840 2515 932 2602 pejus
947 2531 1053 2580 tamen
1069 2517 1163 2598 illud,
1180 2519 1302 2606 quod4

237 2625 277 2668 ex
302 2601 419 2688 inopia,
462 2623 536 2666 uam
563 2601 649 2686 quod
674 2623 713 2664 ex
736 2601 828 2686 eopia
852 2602 950 2665 venit.
994 2603 1082 2666 Nam
1104 2605 1137 2667 in
1160 2606 1267 2691 pueris

237 2688 340 2752 oratio
354 2625 503 2773 perfeda,
518 2709 577 2749 nec
600 2685 698 2773 erigi,
715 2707 774 2750 nec
793 2686 905 2772 sperari
928 2689 1048 2774 potest:
1073 2691 1187 2753 melior
1208 2713 1266 2754 au-

238 2781 324 2836 temt
349 2774 393 2835 est
416 2771 540 2836 indoles
562 2771 647 2852 laeta,
662 2771 868 2858 generosique
890 2787 1034 2853 conatuS,
1050 2787 1083 2838 et
1105 2775 1155 2839 vel
1176 2776 1267 2862 plura

239 2859 316 2922 'usto
341 2857 526 2956 concipiens
549 2855 675 2920 interim
699 2857 837 2942 spiritus.
882 2859 953 2921 Nec
977 2881 1131 2945 uniquam
1155 2883 1207 2924 me
1231 2862 1297 2940 in5

231 2883 290 3008 liis
316 2941 464 3006 discentis
489 2941 580 3005 arinis
606 2941 756 3020 offendat,
783 2941 804 3003 fi
830 2942 908 3028 quid
932 2943 1129 3030 superfuerit.
1174 2946 1264 3010 Quin

234 3028 306 3114 ipss
336 3027 517 3092 dosloribus
540 3026 603 3092 hoc
628 3027 687 3092 else
711 3049 795 3092 curae
818 3027 926 3106 velim,
952 3045 989 3092 ut
1013 3041 1136 3093 teneras
1157 3031 1263 3094 adhuc

235 3126 362 3178 mentes
375 3135 464 3176 more
479 3112 640 3176 nutricum
653 3112 783 3175 mollius
798 3111 894 3192 alant,
910 3127 947 3176 et
959 3114 1061 3179 satiari
1078 3115 1165 3178 velut
1202 3137 1261 3177 uo-

236 3199 310 3263 dam
333 3198 535 3284 jucundioris
563 3198 735 3284 disciplinae
761 3195 843 3262 laste
871 3199 1038 3283 patiantur.
1082 3199 1153 3264 Erit
1179 3139 1280 3264 illud·

171 3341 173 3346 ,
232 3283 358 3370 plenius
372 3284 640 3369 interimeorpus,
657 3281 744 3370 quod
758 3304 834 3346 mor
853 3284 963 3348 adulta
981 3299 1055 3348 aetas
1077 3284 1260 3372 adstringat.

234 3369 324 3432 Hinc
338 3371 405 3454 spes
415 3381 430 3408 ¹²
454 3369 589 3433 roboris.
633 3369 775 3432 Maciem
791 3389 930 3456 namque
944 3383 977 3434 et
997 3371 1212 3436 infirmitatem
1227 3371 1260 3433 in
1273 3367 1295 3430 6

232 3454 389 3541 posterum
404 3454 518 3520 minari
533 3453 610 3518 solet
623 3454 769 3542 protinus
789 3455 939 3520 omnibus
961 3457 1114 3521 membris
1135 3456 1260 3544 expies·
1370 3503 1373 3512 ,

270 3639 276 3670 ¹
293 3640 411 3688 rhetorem
423 3652 506 3704 putem
519 3641 617 3699 tradere,
629 3640 660 3688 G.
718 3645 737 3670 '¹¹
756 3641 855 3689 dilatata
864 3642 894 3690 G.
944 3649 957 3672 ¹¹
976 3643 1045 3690 abeo
1056 3661 1096 3690 om.
1109 3644 1140 3690 G.
1192 3650 1204 3674 ⁰
1218 3645 1260 3692 tris

233 3703 273 3751 Sic
284 3716 305 3751 et
307 3706 362 3768 sm
365 3707 452 3768 semper
464 3709 494 3755 G.
506 3718 528 3754 et
537 3705 600 3753 lens.
664 3711 676 3744 Ρ
690 3701 731 3752 Sic
738 3707 801 3753 lens.
813 3718 835 3752 et
845 3707 877 3754 al.
889 3719 927 3770 ap.
936 3709 1016 3756 Burni.
1080 3717 1090 3745 ‘³
1110 3710 1183 3756 etiam
1194 3709 1259 3757 Jens·

231 3769 488 3884 {appstipripplgllgns
534 3770 685 3829 irobustior,
697 3781 789 3832 quanto
800 3788 842 3818 om.
852 3773 915 3820 Jens.
964 3777 1073 3820 ttamen
1085 3773 1116 3824 G.
1166 3780 1178 3804 ¹⁸
1191 3773 1260 3834 spem

269 4015 311 4047 η.
330 3995 451 4049 Phanicis
461 3995 595 4062 Homerici]
609 3997 660 4070 Qi
671 3998 717 4050 do·
806 4023 833 4056 τι
848 3998 925 4078 spons.

221 4091 285 4138 ,cere
303 4073 381 4140 jussus
406 4078 439 4129 est
468 4078 594 4131 Achillem
625 4083 662 4127 Ιλ.
690 4068 716 4126 s.
767 4089 842 4159 Qud
855 4090 942 4140 Cicero
958 4089 1031 4140 vertit
1044 4087 1073 4139 de
1085 4089 1159 4140 Orat.
1175 4106 1255 4156 3,15.

230 4161 293 4208 443·
767 4159 898 4208 Oratorem
933 4158 1076 4221 verborum,
1105 4161 1259 4231 odoremque

246 4215 337 4275 'Mihi
351 4242 378 4275 ea
398 4217 477 4298 ῥητῆρ’
490 4219 569 4296 ἴμεναι
590 4216 718 4299 &prinsipes
767 4243 860 4281 rerum.
879 4227 1137 4292 Add.nostei2,16‚
1152 4234 1178 4283 8.
