3022 4920
236 363 276 428 88
476 365 523 429 M.
536 363 664 424 FABII
685 359 1029 424 QUINCTILIANI

139 525 225 580 —---‡-
239 539 353 596 natum
378 547 459 594 onus
481 527 685 598 succedentes
711 536 846 614 premat,
871 536 904 592 et
929 527 1059 615 quidem
1090 524 1268 594 dedocendi

241 613 381 704 gravius,
396 636 433 678 ac
455 613 551 700 prius,
567 635 664 700 quam
687 611 835 676 docendi.
881 613 1011 702 Propter
1032 611 1120 702 quod
1140 613 1300 682 Timo-3

243 721 383 768 runnu
407 697 526 762 clarum
549 699 581 762 in
604 712 670 762 arte
692 698 854 774 tibiarum,
871 695 978 764 ferunt
998 699 1140 785 duplices
1154 699 1195 762 ab
1217 699 1270 776 iis,

242 808 325 873 quos
340 785 420 849 alius
444 783 629 862 instituisset,
644 783 770 848 solitum
793 781 922 870 exigere
947 784 1120 862 mercedes,
1137 783 1270 870 quamsi

241 869 335 936 rudes
350 868 557 934 traderentur.
601 871 695 934 Error
709 883 816 933 tamen
838 868 930 931 estin
952 892 985 933 re
1008 869 1143 956 duplex:
1174 892 1270 948 unus,

265 955 330 1021 uod
345 953 471 1018 interim
494 953 632 1018 sufficere
647 953 741 1018 illosb
763 953 901 1017 minores
915 953 1114 1020 existimant:
1138 967 1171 1018 et
1184 955 1271 1020 bono

241 979 314 1106 sane
329 1039 488 1104 stomacho
512 1039 653 1104 contenti
668 1039 757 1103 sunt:
781 1061 853 1124 quae
868 1061 1063 1126 quamquam
1078 1052 1112 1104 et
1135 1039 1199 1125 ipsa
1217 1040 1305 1104 re-4

265 1125 448 1190 rehenfione
462 1125 561 1212 digna
574 1124 733 1204 securitas,
749 1136 855 1188 tamen
871 1125 945 1188 esset
959 1138 1136 1212 utcumque
1153 1123 1269 1206 tolera·

218 1287 221 1298 Ι
242 1149 328 1290 bitis,
345 1210 366 1273 sr
381 1210 535 1298 ejusmodi
549 1223 757 1296 praeceptores
772 1207 876 1272 minus
891 1209 1054 1290 docerent,
1072 1232 1135 1274 non
1155 1209 1246 1298 pejus
1261 1235 1270 1274 ι

243 1295 324 1361 alter
341 1295 396 1360 ille
411 1295 506 1362 etiam
524 1293 731 1382 frequentior,
746 1293 833 1380 quod
849 1315 915 1374 eos,
932 1295 987 1382 qui
1006 1318 1056 1360 am
1081 1295 1194 1359 liorem
1219 1293 1271 1360 di-

244 1381 339 1446 cendi
353 1379 534 1445 facultatem
549 1380 618 1444 sunt
633 1379 804 1458 consecuti,
814 1401 878 1442 non
895 1393 1010 1466 putant
1023 1404 1042 1445 a
1078 1380 1202 1446 minora
1214 1379 1273 1446 de·

243 1466 408 1532 scendere:
432 1465 528 1552 idque
544 1465 669 1529 interim
686 1465 764 1544 lieri,
776 1464 851 1552 quia
866 1463 1021 1530 fastidiant
1035 1467 1176 1554 praestare
1190 1465 1274 1531 hanc

244 1551 446 1618 inferioribus
473 1572 605 1630 curam3
634 1549 774 1628 interim,
800 1549 876 1635 quia
898 1551 1030 1616 omnino
1058 1574 1122 1616 non
1148 1551 1273 1637 possrnt.

245 1639 274 1702 E
298 1660 318 1701 o
332 1658 427 1724 porro
441 1657 527 1716 eum,
544 1635 600 1722 qui
622 1635 715 1714 nolit,
730 1635 763 1700 in
786 1657 919 1702 numero
934 1637 1186 1724 praecipientium
1209 1633 1306 1706 nonS

245 1660 372 1800 baibeo;
395 1719 478 1807 posse
498 1734 605 1784 autem
630 1721 780 1800 maxime,
796 1719 816 1784 sr
832 1719 922 1799 velit,
937 1721 1094 1807 optimum
1115 1744 1275 1808 quemque

246 1806 427 1872 contendo:
460 1806 612 1892 primurn,
639 1807 729 1893 quod
754 1829 841 1886 eum,
872 1807 929 1892 qui
952 1805 1134 1894 eloquentia
1161 1807 1275 1872 ceteris

268 1893 380 1971 raestet,
395 1890 451 1954 illa
472 1914 611 1978 quoque,
649 1915 682 1954 er
696 1915 769 1978 quae
783 1891 822 1955 ad
843 1890 1059 1976 eloquentiam
1081 1893 1274 1978 perveriitur,

245 1914 481 2064 diligentissime
496 1999 587 2074 perce
610 1913 662 2040 isse
684 1975 834 2042 credibile
849 1977 909 2042 est:
934 1975 1059 2054 deinde,
1076 1977 1153 2064 quia
1173 1977 1273 2062 pluri-

246 2085 336 2126 mum
360 2061 391 2124 in
414 1999 628 2148 praecrpiendo
649 2062 733 2128 valet
754 2062 846 2141 ratic,
868 2085 942 2150 quae
963 2061 1136 2126 doctiffimo
1159 2061 1275 2164 cuiqpe

246 2146 435 2234 planitsrmac
450 2147 506 2210 est:
523 2147 690 2232 postremo,
702 2147 778 2244 quia
793 2169 889 2212 nemo
903 2147 943 2212 fic
957 2146 990 2210 in
1005 2146 1177 2234 majoribus
1192 2170 1273 2212 emr·
1288 2131 1309 2196 6

248 2245 316 2312 net,
335 2245 373 2298 ut
393 2253 467 2295 eum
491 2233 616 2298 minora
636 2231 804 2296 desierant:
829 2232 882 2296 nisr
904 2231 985 2296 forte
1000 2233 1115 2297 Jovem
1143 2231 1276 2320 quidem

248 2315 377 2403 Phidias
389 2316 509 2404 optime
522 2316 611 2398 fecit,
624 2317 679 2382 illa
693 2329 812 2398 autem,
824 2341 897 2407 quae
912 2318 946 2382 in
960 2331 1185 2383 ornamentum
1201 2339 1276 2406 ope-

490 2500 501 2534 r
520 2502 554 2551 nn
567 2504 670 2552 omens.
722 2489 745 2536 'e
764 2505 899 2569 prensum
915 2506 1020 2554 orem

286 2669 343 2729 ΙΙΙ,
365 2685 389 2732 3.
407 2665 647 2737 duplices—quam]
674 2667 740 2722 Bene
826 2686 851 2734 5.
864 2666 938 2720 valet
947 2665 1025 2732 ratio]
1040 2667 1167 2732 Nimirum
1179 2663 1220 2720 illa
1232 2685 1277 2718 ra-

251 2737 293 2790 bie
305 2735 420 2790 Pithoeus
432 2737 517 2788 laudat
528 2739 586 2790 Liv.
597 2755 622 2799 7,
633 2741 658 2788 8.
672 2736 740 2788 Mus·
788 2735 821 2788 tio
839 2735 995 2804 corfformatio
1011 2754 1040 2788 ue
1059 2737 1182 2798 doctrine,
1202 2755 1277 2806 quam

250 2807 328 2876 tipsex
349 2823 423 2877 quam
439 2815 485 2876 pro
506 2825 603 2859 numero
625 2807 740 2858 damnum
789 2804 924 2858 methodum
945 2755 1033 2859 scholae
1051 2820 1156 2859 vocant:
1180 2807 1232 2858 baec
1253 2819 1278 2857 et

250 2877 293 2947 est.
785 2875 918 2944 pleniffima
935 2876 976 2936 est,
994 2875 1020 2927 b.
1039 2892 1062 2927 e.
1080 2877 1201 2946 nusquam
1217 2875 1278 2927 deli·

296 2963 321 3010 3.
339 2945 397 2998 bono
407 2945 530 3016 stomacho
547 2944 650 2998 contenti
660 2945 738 3014 fient]
790 2945 896 3008 ciene‚et
905 2946 1032 2998 abundans
1040 2947 1123 3014 potius
1134 2946 1206 2996 bonis
1232 2961 1279 2996 rae·

254 3015 405 3088 Simpliciter
416 3017 451 3066 ita
469 3015 598 3083 intelligo,
612 3015 705 3066 bonum
719 3015 741 3066 se
789 3032 815 3066 ce
836 3017 883 3078 τῖες
905 3027 930 3066 et
938 3013 1083 3086 psant'ffima,
1095 2963 1279 3082 expeditissima,

253 3084 404 3137 stomachum
420 3085 508 3136 habere
526 3084 671 3152 fignificant,
683 3101 741 3136 cum
790 3033 853 3135 niiil
866 3085 1009 3136 intricatum
1020 3082 1174 3152 relinquens:
1189 3095 1216 3133 ut
1228 3079 1280 3133 dis·

252 3154 372 3206 medioor'
390 3153 542 3222 Praecepmre
556 3153 663 3204 contenti
675 3147 740 3204 suntl'
790 3152 855 3204 ficile
866 3154 893 3205 srt
904 3154 1022 3212 divinare,
1032 3165 1115 3203 utrum
1128 3153 1222 3204 Fabius
1234 3168 1279 3221 po-

254 3224 382 3278 Nimirum
386 3221 507 3292 stomacho
519 3224 612 3276 nonest
629 3221 698 3274 casus
710 3223 741 3274 ab
791 3223 878 3287 suerit,
897 3221 939 3274 nisr
949 3222 1014 3295 quod
1027 3221 1143 3291 posterius
1155 3223 1235 3290 magis
1248 3221 1280 3272 ad

255 3295 352 3346 nomine
363 3291 466 3348 contorti
480 3293 571 3354 resins,
583 3292 621 3343 sed
633 3289 742 3344 absolute
790 3292 952 3357 objeslionem
963 3289 1111 3362 propostam
1121 3292 1199 3344 valere
1210 3291 1280 3344 vide·

255 3365 366 3432 ponitur,
383 3361 493 3441 utillud
512 3363 569 3466 ch.
585 3363 656 3413 Fam.
675 3379 701 3425 7,
715 3365 759 3414 ss
791 3373 843 3413 tur.
894 3429 899 3440 ι

254 3428 743 3554 tlsstlitttlst·‘tttt‘ltt
793 3433 858 3552 vai}
873 3429 1282 3570 tsfhttlltlltttttlt?

255 3569 304 3623 fine
314 3569 371 3622 casu
382 3570 590 3624 dicebamrPlin.
600 3588 699 3640 ep.1,5
718 3575 743 3624 8.
793 3587 849 3622 eum
894 3569 923 3622 sse
939 3570 1014 3622 etiam
1032 3570 1129 3622 minus:
1149 3568 1282 3640 quaescili-

257 3640 310 3695 Nec
325 3649 456 3702 contentus,
468 3640 589 3712 pervent
607 3639 643 3690 ad
659 3639 745 3708 Spuri·
794 3651 855 3692 cete
876 3641 950 3692 ecerit
966 3641 1051 3700 etiam,
1063 3651 1092 3691 ut
1105 3640 1201 3692 Stoicus
1219 3639 1283 3708 sapi·
1337 3665 1340 3670 ·

256 3727 323 3763 nam.
362 3711 432 3780 Quin
442 3709 492 3780 ipse
503 3711 559 3764 Cic.
573 3711 686 3763 Brutoc.
701 3727 713 3772 3
719 3725 743 3774 5.
793 3707 989 3763 enssutoridem
1001 3709 1158 3762 bonusesset.
1189 3708 1234 3760 Sed
1245 3707 1282 3760 sa·

258 3782 319 3832 Cum
330 3777 641 3846 catulumaudiresfineco
683 3795 745 3830 ora·
794 3780 827 3829 tis
847 3778 879 3830 esi
897 3778 928 3830 ad
946 3796 1010 3840 earn,
1027 3797 1085 3846 quae
1102 3779 1142 3830 hic
1163 3778 1283 3830 mactatur

255 3848 330 3909 tiene,
347 3865 394 3900 non
410 3843 476 3901 modo
492 3858 614 3901 contentus
630 3864 643 3897 e
659 3866 692 3908 cs,
699 3847 748 3918 sed
794 3849 963 3916 questionem,
981 3847 1130 3901 salsissimum
1146 3847 1199 3909 elle,
1215 3847 1282 3916 quod

258 3916 538 3988 meliusnonquaereres.
575 3916 679 3969 Venuste
687 3935 747 3988 ergo
795 3917 898 3986 quidam
926 3917 1066 3987 persuadere
1089 3919 1146 3969 aliis
1169 3919 1284 3988 cupiunt,

258 3987 353 4040 Fabius
364 3985 546 4057 bonestomacho
558 3987 601 4040 else
617 3987 691 4049 dicit,
702 3987 747 4055 qui
795 3987 850 4056 qui,
863 3986 931 4056 quod
950 3983 1073 4040 summum
1087 3987 1157 4040 estin
1175 3999 1226 4038 arte
1238 3986 1284 4038 ali·

258 4067 311 4110 tarn
332 4056 404 4109 facile
422 4057 531 4110 contenti
547 4055 602 4119 fint,
621 4073 665 4108 nec
683 4073 746 4126 prae-
794 4073 846 4125 qua
869 4056 948 4125 poffit,
974 4056 1055 4118 illum,
1078 4074 1108 4108 ea
1130 4057 1181 4129 ipsa
1205 4054 1286 4116 caulis

258 4136 369 4194 ceptores
380 4123 492 4198 spernant
502 4126 562 4182 licet
571 4126 642 4183 valde
652 4125 746 4180 medio·
795 4125 863 4194 quod
875 4125 998 4178 summurn
1009 4137 1090 4178 teneat
1101 4126 1219 4182 elementa
1232 4127 1286 4195 ejus

257 4211 321 4250 cres.
796 4196 857 4248 artis
869 4195 963 4250 tradere
974 4213 1023 4248 non
1035 4193 1113 4268 posse,
