2938 4910
399 372 566 434 INSTIT.
588 370 793 432 ORATOR.
814 371 896 432 LIB.
917 371 1039 442 VILo,
1170 379 1232 458 '411

163 531 495 688 Be'qnofatiumsit?
516 535 704 624 ambigitur.
749 536 855 622 Ipstim
878 559 1007 624 quoque
1027 536 1147 602 fastum
1171 537 1232 604 ali·

196 623 325 708 quando
347 623 425 710 simp
438 624 520 688 icem
546 621 751 709 quaestionem
776 621 886 701 habet,
912 647 954 686 an
977 625 1056 690 homo
1080 623 1233 710 perierit?

197 707 371 794 aliquando
395 708 571 794 duplicem,
587 731 711 786 veneno,
726 731 768 770 on
792 704 937 772 cruditate
956 709 1109 795 perierit?
1140 708 1234 774 Alte-

197 815 271 856 rum
287 795 329 858 est
342 815 445 880 genus
461 794 497 874 d<
510 793 600 879 satio
615 805 754 870 tantum,
770 814 858 872 cum,
874 795 895 856 fi
909 793 944 857 id
959 807 1082 860 certum
1105 795 1152 874 fit,
1167 815 1248 860 non·

196 879 299 964 potest
323 879 364 944 de
387 880 517 946 sudore
538 876 679 944 dubitari
692 883 713 940 ι’
736 877 867 950 tertium
892 880 928 941 de
953 887 1072 944 artiore
1092 891 1244 962 tantum,-

198 978 272 1028 cum
289 963 409 1028 fesium
425 963 567 1041 constat,
592 962 656 1042 sed,
672 983 694 1026 a
714 984 781 1048 quo
796 961 917 1028 fadum
932 964 980 1044 fit,
996 963 1030 1028 in
1046 977 1232 1030 controver-

164 1047 271 1134 9s1am
293 1049 394 1114 venit.
438 1051 491 1127 Et,
506 1048 595 1135 quod
618 1047 714 1114 tertio
736 1048 810 1112 loco
834 1049 934 1134 posui,
950 1071 1015 1112 non
1033 1051 1076 1114 est
1092 1051 1146 1114 fim
1169 1048 1233 1116 lex.

195 1137 266 1198 Aut
280 1135 367 1198 enirn
383 1155 456 1200 reus
476 1132 582 1198 fecisse
602 1131 828 1198 tantummodo
850 1134 903 1197 seg
929 1147 1037 1220 negat,
1052 1147 1109 1198 aut
1164 1135 1233 1200 ium

195 1217 301 1282 fecisse
315 1219 421 1290 dicit.¹
451 1219 515 1284 Sed
530 1241 571 1283 ne
589 1218 622 1282 in
643 1219 779 1284 aiterum
793 1218 924 1305 quidem
946 1217 1154 1284 transferendi
1169 1222 1233 1284 cri·

195 1304 293 1368 minis
314 1327 379 1369 una
401 1304 505 1368 forma
523 1305 577 1368 est.
622 1304 788 1370 Interdum
810 1305 897 1368 enim
920 1304 1116 1368 substituitur
1129 1318 1234 1370 mutua

196 1389 355 1476 accersitio,
382 1411 480 1476 quarn
507 1387 614 1454 Graeci
639 1387 872 1470 οἱντικατηγορὶαν
902 1406 1028 1467 vocant,
1058 1390 1235 1456 nostrorum

196 1474 330 1560 quidam
356 1475 595 1542 concertativam.
641 1472 807 1538 Interdum
835 1472 869 1535 in
895 1473 1035 1560 aliquam
1057 1475 1233 1560 personam,

196 1581 269 1706 pluae
282 1572 371 1624 extra
381 1559 549 1628 discrimen
558 1556 678 1683 pudicit
692 1558 747 1637 est,
760 1557 957 1639 transfertur,
969 1571 1003 1624 et
1013 1559 1089 1624 alias
1101 1573 1233 1639 certam,
1248 1595 1252 1608 ·

228 1643 273 1708 ias
299 1645 465 1710 incertam.
509 1647 552 1709 Et
578 1663 680 1722 ,curn
703 1642 738 1706 in
760 1656 893 1724 certam,
908 1659 964 1710 aut
989 1645 1023 1708 in
1050 1644 1232 1723 extrariam,

145 1744 186 1790 10
197 1740 254 1794 aut
268 1728 301 1792 in
320 1729 424 1816 ipfius,
440 1730 497 1818 qui
518 1727 612 1815 periit
620 1731 639 1808 i,
654 1727 865 1793 voluntatem.
911 1731 950 1794 In
972 1729 1090 1816 quibus
1112 1729 1233 1810 similis,

197 1826 296 1900 atque
310 1815 342 1878 in
357 1816 589 1898 ἅντικατηγορὶᾳ,
604 1813 818 1900 personarum,
834 1813 1020 1893 caussarum,
1036 1815 1232 1880 ceterorum¹

197 1900 393 1999 comparatio
414 1903 478 1966 est:
501 1913 539 1964 ut
563 1899 692 1976 Cicero,
708 1919 765 1984 pro
786 1899 915 1964 Vareno
937 1899 970 1963 in
991 1899 1144 1964 familiam
1161 1902 1233 1962 An·

132 2007 135 2014 ’
197 1984 402 2066 chananam3
436 2009 494 2072 pro
520 1987 640 2050 Scauro
665 1983 749 2048 circa
772 1985 1075 2050 mortem-Bostaris
1100 1985 1133 2048 in
1163 2006 1231 2048 ma-

145 2088 181 2135 11
198 2083 307 2135 trema
323 2085 467 2138 avertens
482 2070 615 2149 crimen,
630 2069 717 2134 facit.
761 2070 813 2133 Est
833 2071 931 2134 etiarn
953 2069 1034 2134 illud
1058 2069 1134 2134 huic
1155 2091 1242 2134 con-

187 2155 329 2220 'trarium
345 2157 591 2250 comparationis
605 2177 721 2242 genua,
738 2153 769 2216 in
786 2178 852 2242 quo
867 2169 1002 2241 uterque
1021 2177 1041 2220 a
1059 2156 1091 2220 se
1112 2154 1234 2220 fassum
1289 2221 1295 2226 ,

174 2269 178 2281 ·
196 2241 258 2305 esse
272 2242 374 2306 dicit:
398 2256 431 2307 et
445 2241 540 2321 illud,
555 2241 588 2304 in
605 2263 671 2328 quo
685 2260 751 2304 non
765 2239 904 2325 personae
924 2241 1007 2307 inter
1025 2240 1069 2319 se,
1084 2239 1139 2304 sed
1159 2241 1234 2325 ipsae

85 2396 88 2404 ,
196 2347 248 2389 res
262 2327 470 2404 colliduntur,
486 2328 519 2390 id
534 2328 588 2404 est,
605 2348 683 2403 non,
697 2326 904 2409 ntcrfecerit?
925 2325 989 2404 sed,
1004 2325 1235 2412 utrumfatium

187 2411 262 2495 fit?
294 2413 379 2476 Cum
403 2411 444 2474 de
456 2412 545 2496 ,fauo
566 2424 599 2474 et
613 2409 653 2472 de
676 2417 794 2474 arctiore
808 2411 939 2490 constat,
955 2411 996 2474 de
1009 2411 1107 2474 animo
1132 2411 1234 2498 quaeri

197 2495 308 2582 potest.
354 2497 452 2560 Nunc
467 2495 506 2560 de
522 2495 665 2582 singulis.
710 2495 794 2558 Cum
815 2495 933 2581 pariter
957 2507 1154 2582 utrumquen
1175 2517 1253 2560 ne-⁴

197 2593 303 2666 gatur,
319 2579 384 2644 hoc
403 2579 511 2645 modo.
556 2581 753 2644 Adulterium
765 2603 834 2644 non
858 2579 989 2663 commfi.
1035 2579 1235 2666 Tyrannidem

197 2689 256 2730 non
274 2665 432 2752 affidavi.
477 2668 516 2730 ln
539 2665 695 2730 caedis-ac
720 2665 866 2730 veneficii
888 2665 998 2730 caussis
1020 2663 1168 2751 frequens
1191 2667 1235 2730 est

198 2749 253 2814 illa
268 2751 389 2830 divifiO,
406 2751 474 2816 Non
500 2750 538 2836 ss
549 2751 695 2836 facium:
718 2763 763 2828 et,
780 2750 799 2814 si
815 2752 858 2814 est
872 2749 1006 2836 fesium,
1021 2775 1073 2837 ego
1088 2773 1146 2815 non
1155 2751 1234 2836 feci.
1251 2782 1256 2796 ¹

146 2853 186 2902 12
200 2835 284 2914 Sed,
301 2859 376 2900 curn
405 2835 555 2914 dicimus,
583 2836 685 2898 Proba
715 2834 857 2900 hominem
885 2835 1016 2921 occisum,
1045 2835 1234 2918 accusatoris
1327 2882 1329 2888 -

199 2917 326 2986 tantuin
341 2933 443 3008 partes
458 2921 530 2984 sunt
543 2947 551 2986 ι
575 2943 594 2984 a
608 2942 662 2984 reo
677 2920 757 2984 nihil
772 2920 837 2984 dici
850 2922 971 3000 contra,
987 2933 1099 3005 praeter
1112 2921 1234 3019 aliquas

200 3005 325 3070 sortasse
347 3005 548 3091 suspiciones,
566 3007 681 3106 potest,
704 3027 784 3091 quas
806 3006 951 3092 spargere
974 3026 1071 3090 quarn
1095 3029 1254 3071 maxime-

158 3135 160 3140 ·
198 3091 284 3156 varie
308 3091 488 3178 oportebit:
521 3115 609 3178 quia,
633 3091 652 3154 sr
677 3113 779 3170 unum
803 3089 927 3178 aliquid
949 3089 1134 3169 adfirmatis,
1159 3113 1233 3178 pro·
1306 3155 1312 3160 ,

198 3175 341 3242 bandum
356 3178 410 3257 est,
425 3190 481 3240 aut
493 3176 595 3241 caussa
608 3175 863 3263 periclitandum.
908 3176 1005 3252 Nam,
1022 3189 1072 3254 ut,
1089 3198 1164 3240 cum
1183 3177 1235 3240 in·

199 3275 249 3326 ter
263 3261 307 3342 id,
322 3263 410 3348 quod
425 3263 465 3327 ab
480 3261 665 3340 adversario,
682 3274 715 3325 et
735 3259 780 3340 id,
796 3259 885 3347 quod
899 3281 918 3322 a
932 3260 1025 3324 nobis
1039 3261 1234 3358 propofitum

200 3348 254 3426 est,
269 3349 433 3433 quaeritur,
449 3347 575 3414 videtur
597 3347 708 3433 utique
728 3345 862 3410 alterum
886 3367 1014 3410 verum:
1038 3358 1106 3408 1ta⁰
1128 3347 1235 3412 everso

234 3551 380 3598 ‘vendens
452 3541 472 3586 'h
490 3560 531 3600 aut
544 3551 574 3598 G.
655 3546 661 3579 ³
681 3548 740 3614 petit
752 3549 783 3597 G.
793 3549 857 3596 Jens.
869 3547 934 3597 mal.
1015 3545 1236 3600 ¹cenorumJens.

201 3619 220 3646 ¹⁰
241 3627 345 3662 mortem
358 3615 387 3662 G.
470 3627 482 3654 n
500 3634 541 3662 om.
551 3614 614 3662 Jens.
696 3621 707 3644 0
727 3615 765 3660 lta
775 3615 854 3662 everso
865 3629 914 3661 uno
925 3613 1060 3669 defendere,
1071 3611 1191 3672 reliquum
1202 3618 1237 3662 est

200 3695 250 3740 quo
262 3682 395 3742 premimur
411 3679 441 3725 G.
456 3689 477 3724 ιι
488 3679 546 3743 Voffi
560 3696 582 3726 2.
609 3679 693 3738 Itaque
703 3693 734 3726 ex
746 3679 825 3726 everso
836 3693 885 3739 quo
901 3679 1062 3734 defendimur,
1073 3677 1192 3738 reliquum
1204 3681 1239 3726 est

198 3745 263 3792 Jens.
292 3746 328 3792 lta
344 3759 376 3792 ex
394 3744 490 3791 adverso
506 3759 586 3792 unum
603 3745 644 3802 est,
657 3757 706 3804 quo
723 3744 883 3802 defendimur,
896 3743 937 3790 rei.
948 3743 981 3790 cst
997 3756 1022 3802 q.
1035 3755 1071 3803 pr.
1082 3743 1138 3803 Reg.
1150 3752 1172 3789 er
1187 3743 1237 3798 edd,

195 3808 259 3870 plur.
864 3810 866 3816 ’

240 3990 282 4023 11.
302 3969 374 4023 Nunc
390 3971 421 4023 de
433 3969 547 4039 fingulis]
562 3969 656 4022 Adhuc
670 3987 695 4021 e·
784 3989 825 4022 12.
844 3967 1000 4038 adsrmaris]
1019 3966 1046 4019 h.
1059 3983 1081 4019 e.
1101 3967 1238 4020 adseverare

124 4101 127 4108 Α
201 4042 254 4092 nim
284 4042 358 4092 modo
386 4041 502 4100 breviter,
526 4037 587 4108 quid
617 4039 695 4108 quaeri
744 4049 769 4089 et
792 4057 836 4110 pro
856 4049 924 4090 ceno
943 4037 1050 4089 dixeris:
1074 4048 1105 4088 ut
1122 4036 1181 4089 solet
1198 4037 1240 4110 uti

201 4109 272 4178 possit
284 4111 309 4160 in
322 4110 396 4162 tanfis
408 4107 625 4176 conjecturalibus,
638 4127 695 4177 pro·
745 4107 790 4160 hoc
803 4109 878 4160 verbo
889 4107 993 4160 Fabius.

201 4177 292 4247 posuit.
330 4181 404 4232 Nunc
436 4181 524 4250 incipit
554 4177 695 4240 retrudant,
784 4196 824 4230 12.
845 4177 882 4230 ita
901 4179 987 4248 constr
999 4175 1057 4242 uno]
1078 4175 1129 4236 Qui
1150 4176 1181 4230 ad
1194 4191 1239 4231 va·

200 4267 257 4318 quae
270 4247 311 4301 as.
326 4249 382 4301 inde
395 4268 407 4312 7
421 4250 544 4320 posuerat.
985 4257 987 4262 ’
