3024 4912
449 369 1017 438 rnsnrr.·onrron.mn.·1v.
1040 391 1068 436 2.
1128 465 1131 474 .
1214 397 1271 463 ῃ,

250 529 281 620 le
296 547 518 617 contemnunt,
532 539 661 618 nescias,
676 541 819 626 praestare
836 539 941 606 minus
962 539 1074 618 velint,
1089 560 1130 602 an
1148 537 1274 626 pollint.

195 615 237 700 38
252 625 367 709 Neque
382 625 466 688 eninr
482 625 568 690 aliud
588 625 622 688 in
643 625 836 712 eloquentia,
853 627 989 706 cunsta⁰
1011 647 1049 688 ex
1090 624 1143 705 rti,
1158 627 1272 694 diffici-

223 697 230 712 ’
249 707 312 774 lius
327 710 494 795 reperient,
509 733 605 796 quam
627 710 673 789 id,
687 709 774 796 quod
788 710 820 776 se
833 710 973 776 dicturos
987 646 1198 792 futtileomnes
1213 736 1272 799 pu·

250 805 338 871 tant,
369 796 516 880 oslquam
525 795 714 859 audierunt:
738 797 891 880 quianon
908 797 991 878 bona
1000 793 1148 880 judicant
1162 796 1221 860 else
1235 797 1275 864 il-

250 877 292 958 la,
309 817 456 944 sedvera.
499 882 586 944 Turn
601 895 709 944 autern
723 879 843 964 optime
857 879 936 944 dicit
949 894 1066 957 orator,
1083 902 1158 944 curn
1181 881 1272 948 vide·
1318 925 1322 934 ι

11 1003 20 1015 -
123 1043 126 1050 ‚
192 973 237 1039 39
251 977 303 1029 tur
316 986 390 1028 vera
403 964 518 1029 dicere.
562 965 609 1028 At
623 988 720 1042 nunc,
735 963 824 1030 velut
838 987 987 1050 campum
1004 964 1086 1028 nadti
1105 965 1273 1052 expositio·

251 1048 311 1127 nis,
327 1048 379 1112 hic
401 1049 592 1134 potiffimum
615 1062 649 1114 et
663 1071 773 1114 vocem
795 1049 940 1127 flectunt,
955 1060 988 1112 et
1003 1049 1157 1114 cervicem
1179 1074 1272 1139 repo·
1289 1117 1292 1124 ,

204 1177 207 1195 2
232 1145 344 1212 nunt,
358 1145 392 1198 ct
416 1134 580 1200 brachium
606 1135 638 1198 in
654 1134 738 1198 latus
758 1133 892 1219 jactant,
908 1147 1041 1219 totoque
1065 1145 1105 1202 et,
1119 1157 1224 1202 rerum
1240 1150 1273 1204 et
1372 1209 1377 1222 ι

249 1219 416 1282 verborum
429 1232 463 1284 et
472 1219 706 1305 composrtionis
715 1240 833 1305 genere
846 1218 1028 1282 lasciviunt:
1044 1217 1160 1284 deinde
1174 1221 1274 1319 (quod

250 1301 286 1364 fit
314 1305 452 1380 monstro
473 1305 584 1387 simile)
609 1304 713 1390 placet
738 1303 832 1380 auto,
854 1303 955 1368 caussa
980 1325 1043 1366 non
1069 1297 1273 1403 intelligrtur.

249 1388 371 1450 Verum
396 1388 465 1454 haec
491 1389 689 1465 omittamus,
715 1410 755 1450 ne
778 1387 884 1451 minus
911 1385 1034 1474 gratiae,
1060 1387 1274 1474 praeciprendo

250 1471 346 1552 resia,
376 1495 472 1559 quam
502 1473 638 1550 offensae,
666 1471 926 1556 reprehendendo
955 1493 1059 1556 prava,
1084 1495 1273 1546 mereamur.

194 1567 237 1627 40
251 1556 360 1618 Brevis
382 1557 443 1620 erit
462 1559 597 1622 narratio
619 1570 693 1620 ante
718 1555 872 1636 omnia,sr
897 1555 971 1620 inde
989 1556 1182 1642 coeperimus
1204 1582 1273 1626 rem

248 1661 417 1724 exponere,
433 1641 519 1706 unde
532 1633 722 1728 adjudicem
738 1640 894 1726 pertinet3
911 1641 1039 1720 deinde,
1056 1641 1072 1704 fi
1089 1641 1170 1728 nihil
1185 1659 1274 1712 extra

250 1723 384 1788 caussam
408 1725 604 1806 dixerimus3
641 1739 711 1794 tum
735 1725 845 1804 etiam,
872 1726 891 1788 fi
922 1725 1126 1810 reciderimus
1151 1730 1272 1810 omnia,

274 1808 368 1874 uibus
392 1809 532 1890 sublatis,
557 1835 616 1876 nec
642 1809 820 1898 cognitioni
844 1809 1031 1896 quidquam,
1056 1833 1115 1874 nec
1141 1813 1274 1882 utilitati

250 1830 444 1962 detrahatur.
489 1896 577 1960 Solet
598 1896 685 1962 enim
710 1895 770 1960 esse
794 1893 940 1980 quaedam
963 1897 1101 1981 partium
1124 1898 1273 1980 brevitas,

194 1987 233 2051 41
250 2001 322 2064 quae
346 1979 476 2066 longam
502 1995 608 2046 tamen
632 1981 729 2046 efficit
750 1979 904 2044 summam
918 1991 943 2044 ¹.
987 1982 1025 2044 ln
1047 1993 1166 2068 portum
1192 1986 1274 2066 veni,

249 2065 354 2128 navim
364 2067 509 2152 prospexi,
525 2067 631 2154 quanti
653 2067 772 2129 veheret
792 2063 986 2151 iratarrogavi,
1004 2067 1040 2128 de
1056 2067 1150 2153 pretio
1166 2091 1274 2133 convc-

249 2149 305 2228 nit,
322 2151 480 2237 conjcandi,
494 2151 631 2238 sublatae
641 2149 1014 2236 suntancorffisolvimus
1037 2151 1274 2300 oramuprovcsla'

237 2235 358 2320 jomus.
402 2237 496 2300 Nihil
517 2238 633 2302 horum
649 2235 713 2298 dici
734 2235 869 2300 celerius
890 2235 1001 2321 potest,
1023 2237 1076 2300 sed
1097 2237 1131 2300 su
1165 2237 1273 2306 citdi-

250 2341 332 2398 cere,
348 2321 380 2382 E
398 2336 487 2408 portu
509 2322 674 2408 navigavi,
716 2323 770 2399 Et,
785 2319 911 2405 quoties
923 2333 936 2360 ²
958 2321 1064 2404 exitus
1077 2321 1123 2386 rei
1137 2315 1280 2470 sarteq

249 2403 354 2468 tendit
368 2409 482 2490 priora,
497 2407 652 2482 debemus
674 2405 736 2472 hoc
751 2405 809 2470 elle
825 2405 981 2484 contenti,
995 2429 1060 2492 quo
1079 2406 1201 2552 reliqua
1221 2407 1253 2474 in
1281 2460 1287 2467 .

194 2496 237 2558 42
252 2487 449 2576 telliguntur.
495 2493 603 2558 Quare
617 2513 690 2558 cum
707 2490 813 2556 dicere
827 2487 932 2568 liceat,
949 2488 1005 2574 Est
1019 2492 1097 2562 ,mihi
1110 2491 1145 2578 fi
1156 2493 1202 2574 ξας
1213 2495 1272 2582 ju.

250 2573 346 2652 venis,
361 2576 469 2640 omnia
482 2575 537 2640 illa
551 2576 750 2660 supervacua,
769 2575 899 2660 Cupidus
915 2600 929 2637 e
952 2599 967 2637 o
984 2574 1139 2639 liberorum
1153 2602 1272 2644 uxorem

249 2659 333 2738 duxi,
349 2673 451 2724 notum
459 2660 690 2747 fastusqfilr'um
704 2661 843 2737 educavi,
857 2659 889 2722 in
903 2600 1123 2746 adelescentiam
1133 2663 1274 2747 perduxi.

250 2742 393 2829 Ideoque
418 2747 603 2812 Graecorum
627 2745 724 2830 aliqui
741 2743 830 2809 aliud
845 2744 1060 2810 circumcisam
1072 2756 1089 2799 ²1
1105 2747 1275 2832 expositio.

250 2850 337 2908 nem,
353 2829 386 2896 id
402 2832 445 2894 est
468 2833 610 2913 σύντομον,
626 2830 714 2894 aliud
728 2831 856 2892 brevem
878 2843 1086 2913 putaverunt:
1110 2831 1198 2915 quod
1220 2831 1276 2900 illa

168 2945 171 2960 ·
249 2913 446 3001 supervacuis
460 2931 591 2992 careret,
606 2913 677 2978 haec
701 2914 799 3001 posset
813 2913 932 2999 aliquid
947 2936 986 2980 ex
1007 2914 1273 2996 necessariisdesr-

195 3010 235 3076 43
252 3001 372 3068 derare.
415 3002 485 3065 Nos
506 3011 613 3064 autem
636 2999 825 3070 brevitatem
846 2998 879 3062 in
903 2999 965 3064 lroc
981 2999 1142 3084 ponimus,
1158 3023 1220 3065 non
1237 3015 1275 3070 ut

251 3085 369 3166 minus,
385 3083 438 3150 sed
456 3107 496 3148 ne
517 3083 587 3169 plus
603 3084 739 3163 dicatur,
753 3105 851 3170 quam
872 3097 1028 3171 oporteat.
1071 3085 1157 3148 Nam
1177 3087 1274 3152 itera-

250 3171 354 3238 tiones
380 3170 522 3256 quidem,
548 3184 581 3232 et
604 3167 801 3250 ταυτολογίας,
827 3179 861 3231 et
887 3168 1116 3250 reprroonoylar,
1136 3193 1215 3255 quas
1240 3173 1273 3238 in

250 3255 427 3321 narratione
441 3253 582 3319 vitandas
618 3253 724 3318 uidam
739 3251 903 3338 scriptores
921 3251 1050 3316 Artium
1065 3254 1274 3338 tradiderunt,
1340 3301 1343 3308 ·

251 3342 372 3408 transeo
386 3341 489 3404 :sunt
503 3276 673 3404 eninrlraec
688 3338 765 3402 vitia
779 3360 842 3400 non
854 3351 980 3402 tantum
995 3337 1158 3402 brevitatis
1171 3341 1275 3427 gratia

196 3419 473 3512 44refugiendab.
518 3426 594 3488 Non
618 3423 725 3490 minus
748 3436 856 3488 autem
881 3418 1020 3486 cavenda
1038 3423 1108 3502 erit,
1131 3447 1203 3510 quae
1223 3425 1273 3490 ni-

146 3555 150 3564 «
251 3509 352 3573 mium
377 3505 580 3596 corripientes
602 3510 711 3574 omnia
731 3505 880 3593 sequitur,
894 3507 1088 3572 obscuritas:
1120 3507 1276 3596 satiusque
1306 3523 1309 3530 ’

251 3595 293 3664 est
307 3594 426 3680 aliquid
442 3591 609 3660 narrationi
624 3592 785 3680 superesse,
799 3615 895 3678 quam
911 3591 1035 3681 deesse„
1065 3591 1151 3656 Nam
1166 3595 1272 3744 super·

1212 3704 1233 3742 u

252 3697 351 3745 vacua
366 3703 439 3744 cum
455 3679 552 3742 taedio
567 3677 726 3758 dicuntur,
741 3677 908 3741 necessaria
932 3698 1006 3742 curn
1054 3677 1174 3742 ericulo
1234 3681 1255 3744 b

96 3801 99 3808 ·
194 3769 240 3847 45
252 3766 432 3832 trahuntur.
477 3765 584 3838 Quare
598 3763 724 3830 vitanda
743 3761 839 3827 etiam
861 3761 916 3828 illa
937 3700 1121 3826 sallulliana
1145 3770 1273 3851 (quam-

283 3988 294 4012 ¹¹
314 3982 471 4032 tauteus.
488 3993 510 4029 et
524 3979 877 4045 uideturcommodeabeffeprffe.
922 3981 1093 4032 tremendam
1104 3981 1134 4028 G.
1155 4008 1157 4022 ι
1183 3986 1275 4044 'quc-

250 4041 311 4096 tiens
322 4050 352 4095 G.
364 4048 427 4096 Jens.
492 4057 505 4084 ί
522 4047 689 4095 circumfusam
701 4046 808 4094 &mala
872 4045 1014 4106 *rugiente
1024 4047 1054 4095 G.
1065 4045 1153 4096 Jcns..

284 4242 315 4292 4¹
324 4263 330 4277 .
340 4224 463 4298 solvimus
474 4227 556 4294 oram]
575 4225 635 4278 vid.
647 4243 753 4296 prooem.¹
767 4225 843 4280 totius
854 4225 933 4296 operis
946 4223 964 4276 s.
980 4241 1004 4291 3.
