2938 4910
249 391 312 470 aaa
490 393 537 454 u.
558 391 687 454 mou
710 389 1059 486 aurucrumur

251 558 325 624 casu
340 555 551 640 nominativo,
567 557 674 624 aliud¹
692 555 805 622 eadem
826 555 948 646 syllaba
961 555 1117 645 produsia
1138 559 1212 624 casu
1233 559 1300 624 da·

249 643 320 708 tivo
345 657 402 708 aut
426 643 576 709 ablativo.
622 641 770 706 Plurimae
795 655 947 730 praeterea
971 643 1044 708 sunt
1068 643 1139 708 aliae
1159 645 1299 732 specieS,

248 749 331 878 puae
345 729 490 818 persequi
512 727 593 792 nihil
612 727 732 793 necesse
753 727 807 792 est.
851 728 924 793 Neo
945 729 1042 794 refert
1051 741 1086 808 ¹1¹,
1103 751 1170 817 quo
1191 730 1301 794 modo
1317 731 1365 796 ¹4

263 813 333 878 asia
347 814 383 878 fit
398 813 606 900 amphibolia,
623 825 680 878 aut
701 837 767 902 quo
789 813 970 879 resolvatur.
1015 815 1105 879 Duas
1127 815 1215 879 enim
1239 837 1298 880 rea

249 899 417 988 significari
438 899 640 964 manifestum
657 899 722 962 esi:
746 909 791 978 et,
807 897 896 985 quod
918 899 1134 986 adscriptum
1159 923 1296 967 vocem-

249 998 313 1052 ve¹
340 985 489 1073 pertinet,
518 985 551 1048 in
580 997 750 1070 utramque
779 1005 835 1072 par
849 992 862 1019 ⁰
893 986 937 1050 est
965 999 1099 1072 partem.
1145 985 1296 1074 Ideoque

248 1070 359 1137 frustra
373 1071 566 1158 praecipitur,
582 1081 620 1134 ut
634 1068 667 1132 in
682 1069 746 1134 hoo
762 1070 846 1134 statu
855 1091 968 1134 vocem
982 1070 1080 1170 ipsam
1096 1071 1137 1135 a'd
1151 1071 1294 1136 nostram

290 1169 371 1221 rtem
388 1179 541 1220 conemur
556 1165 689 1220 vertere.
735 1155 833 1236 Nam,
849 1155 870 1218 sr
886 1155 921 1219 id
943 1156 1010 1220 sien
1032 1156 1144 1242 potest,
1158 1158 1292 1244 amphi-
1313 1154 1356 1224 ¹5

295 1241 338 1308 lia
368 1265 433 1306 non
462 1243 517 1306 est.
561 1242 626 1304 Am
650 1239 785 1304 hiboliae
813 1253 921 1304 autem
948 1242 1055 1306 omnis
1085 1243 1118 1305 in
1146 1242 1197 1307 his
1226 1243 1295 1308 erit

247 1329 394 1418 quaestio,
409 1325 595 1414 aliquando,
614 1261 686 1390 [liar
698 1325 745 1412 stt
756 1328 922 1413 sicundum
943 1339 1084 1392 naturam
1100 1327 1198 1414 magis
1212 1331 1291 1424 ser-

245 1417 327 1479 mo?
348 1415 480 1498 semper,
494 1423 594 1478 ulmam
607 1411 650 1496 fit
670 1412 818 1498 aa'qmiaa?
839 1425 938 1476 ulmam
954 1413 990 1494 is,
1005 1414 1056 1500 qai
1065 1413 1114 1497 fic
1127 1426 1139 1464 Ρ
1154 1413 1291 1500 scrzpfit,

247 1523 287 1564 aa
320 1523 345 1565 aa
358 1509 372 1549 ‘1
387 1499 478 1577 dixit,
490 1498 539 1584 fia
559 1497 718 1562 valuerit?
741 1499 889 1563 Quarum
908 1498 945 1562 in
971 1513 1292 1584 utramquepartem

245 1585 320 1652 saus
336 1607 375 1649 ex
389 1584 453 1663 his,
469 1583 595 1670 quaende
610 1581 795 1670 coujeomra
814 1597 847 1647 et
864 1583 1018 1670 qualitate
1037 1583 1188 1665 diximum
1203 1606 1296 1670 prae-

246 1693 286 1737 ce
310 1683 380 1736 tum
397 1671 451 1734 est.
867 1685 869 1692 ·

246 1781 253 1792 ·
328 1805 336 1822 .
362 1757 453 1841 (XI.)
477 1753 529 1818 Est
544 1755 914 1842 autem-quaedam'iutor
929 1755 989 1819 hos
1004 1755 1100 1820 status
1121 1757 1290 1843 cognatio.

244 1843 335 1910 Nam
350 1855 384 1906 et
396 1841 429 1904 iu
443 1853 452 1880 ¹
463 1841 618 1926 finitione,
634 1863 708 1928 quae
724 1840 759 1902 srt
774 1840 919 1905 voluutas
941 1840 1093 1920 nominis,
1109 1843 1289 1927 quaeritur:

245 1939 301 1994 et·
317 1925 540 2014 insyllagffmo,
557 1927 612 2025 qui
629 1925 785 1991 secundus
800 1949 819 1989 a
833 1925 976 2010 finitione
991 1927 1088 1990 {latus
1103 1927 1147 1991 est
1158 1939 1180 2007 t,
1195 1928 1212 1990 s
1230 1951 1289 1993 ec-

244 2024 344 2092 tatur,
360 2011 439 2098 quid
454 2011 591 2076 voluerit
604 2011 735 2098 scriptor
750 2037 758 2074 ι
782 2024 866 2075 etex
879 2012 1046 2076 contrariis
1060 2011 1188 2098 legiiius
1202 1951 1290 2079 suos
1334 2041 1337 2046 ·

246 2097 430 2248 effegripti
455 2109 489 2160 et
507 2095 673 2161 voluntatis
692 2098 788 2160 status
805 2111 945 2183 apparet.
991 2098 1110 2161 Rursus
1132 2111 1166 2161 et
1177 2097 1289 2184 finitio

242 2206 313 2272 quo
354 2182 487 2246 mmodo
509 2183 552 2244 est
574 2181 754 2278 amphibolia
768 2197 794 2259 ¹²,
810 2203 885 2246 cum
907 2181 1038 2246 induas
1059 2194 1164 2266 partes
1186 2183 1286 2248 didu-

244 2267 532 2334 caturintelleolus
547 2266 698 2330 uommis.
745 2265 892 2352 Scriptum
912 2279 945 2330 et
969 2268 1110 2330 voluntas
1132 2267 1231 2332 habet
1251 2269 1323 2332 ὶτι2

243 2352 349 2420 verbis
368 2353 469 2437 [vocis
482 2353 508 2437 v]
526 2351 755 2436 quaestionem:
780 2352 868 2448 quod
889 2353 976 2415 idem
998 2351 1031 2414 in
1047 2353 1212 2416 antinomia
1227 2374 1285 2440 pe-

243 2439 337 2504 titur.
383 2437 525 2524 ideoque
540 2435 649 2500 omnia
661 2435 731 2500 haec
746 2436 877 2522 quidam
888 2438 1039 2524 siriptum
1052 2449 1085 2500 et
1100 2438 1286 2504 voluntatem

240 2525 307 2590 esse
332 2523 505 2587 dixerunt:
529 2522 584 2585 alii
607 2521 641 2586 in
664 2521 782 2607 scripto
804 2533 838 2585 ot
861 2522 1026 2585 voluntate
1052 2521 1287 2608 amphiboliam

240 2610 317 2688 esse,
335 2631 408 2710 quae
430 2607 508 2672 facit
533 2607 750 2695 quaestionem.
796 2605 859 2670 Sed
884 2605 1030 2672 distinsia
1052 2609 1135 2671 sunt.
1179 2610 1286 2674 Aliud

245 2697 289 2762 est
303 2717 391 2760 emm
406 2694 574 2757 obscurum
584 2693 651 2780 jus,
667 2690 754 2756 aliud
769 2692 973 2780 ambiguum.
1019 2693 1126 2780 igitur
1128 2692 1236 2778 finitio
1250 2695 1284 2758 in
1298 2703 1320 2770 3

216 2791 218 2794 ’
243 2795 359 2848 natura
373 2779 438 2866 ipsa
451 2778 590 2842 nominis
605 2777 810 2864 quaestionem
833 2777 932 2843 habet
945 2777 1141 2865 generalem,
1155 2792 1189 2842 et
1210 2803 1286 2868 quae

160 2913 162 2920 ,
239 2867 307 2932 osse
320 2865 419 2930 etiam
435 2865 515 2929 citra
529 2863 733 2949 complexum
749 2861 860 2926 caussae
875 2863 987 2950 possita
1000 2864 1150 2951 scriptum
1171 2878 1206 2928 et
1225 2889 1284 2930 vo-

246 2954 349 3017 luntas
363 2951 404 3015 de
420 2972 459 3014 eo
474 2949 613 3034 disputat
628 2949 735 3027 verbo,
752 2947 841 3034 quod
862 2949 904 3012 est
926 2949 959 3012 iu
982 2947 1056 3036 lege
1070 2973 1078 3012 r
1091 2949 1287 3036 syllogismus

233 3037 288 3104 ale
300 3060 353 3116 eo,
368 3035 455 3122 quod
472 3057 536 3097 non
552 3033 609 3098 esta
650 3033 853 3121 Ampbiboliae
867 3035 907 3098 lis
922 3034 953 3097 in
976 3031 1135 3098 diversum
1158 3035 1283 3101 trahit:

239 3120 577 3210 'legumcomtrariorum
593 3141 632 3181 ex
652 3117 774 3181 diverso
796 3139 838 3216 pu
865 3143 906 3184 na
927 3119 980 3186 est.
1026 3119 1143 3218 Neque
1165 3120 1321 3195 imme-4

234 3210 309 3275 ”rito
332 3219 366 3271 et
388 3218 519 3290 recepta*
537 3204 579 3266 est
602 3225 621 3266 a
643 3203 827 3270 douiffinus
874 3227 922 3270 aeo
944 3205 1134 3286 differentra,
1152 3220 1185 3270 et
1197 3207 1284 3293 apud

243 3445 285 3484 ²¹
304 3442 603 3496 aliud-ablat‚m.1ens.
685 3447 704 3472 ¹¹¹
723 3443 784 3490 seror
795 3443 827 3490 G.
910 3447 1040 3491 ”vocetur
1050 3445 1082 3491 G.
1169 3451 1285 3507 ‘'parem

246 3523 340 3575 partem
351 3512 383 3559 G.
394 3510 458 3558 Jens.
469 3509 520 3555 vid.
533 3509 576 3572 leg.
588 3521 655 3570 pares
667 3517 767 3568 purtem.
864 3513 876 3546 Ρ
895 3525 936 3554 am.
949 3509 980 3556 G.
1047 3517 1072 3558 ,¹⁴
1091 3528 1134 3558 am.
1147 3511 1177 3558 G.
1190 3512 1206 3556 fi
1217 3513 1284 3560 lens.

246 3584 257 3606 r
275 3577 361 3625 mc„
426 3583 480 3622 sut
492 3574 522 3620 G.
604 3579 678 3632 tquo
689 3573 720 3619 G.
731 3572 794 3624 lens.
872 3571 1111 3636 uamphibolicuG⁸
1195 3586 1206 3614 v
1225 3576 1283 3626 Via.
1354 3623 1357 3628 r

238 3659 286 3698 ¹am.

238 3894 241 3901 ,
281 3857 325 3904 14.
345 3837 372 3890 in
380 3846 511 3905 utramque
523 3844 575 3902 par
586 3833 616 3904 esi
623 3835 737 3904 partem]
788 3843 900 3902 iramque
915 3842 1023 3901 partem,
1045 3847 1075 3886 ut
1094 3847 1201 3904 utraque
1223 3855 1283 3906 papo

239 3911 303 3975 ,Non
321 3907 380 3961 satis
400 3907 474 3976 plana
489 3907 554 3958 mihi
569 3905 667 3974 videtur
685 3903 739 3956 haec
787 3921 833 3972 pro
844 3904 867 3955 se
879 3902 982 3972 allegare
995 3903 1064 3973 possit
1067 3903 1188 3974 scriptum
1197 3915 1222 3956 et
1233 3925 1284 3962 va.

244 3982 341 4034 oratio:
368 3995 447 4044 neque
463 3978 529 4028 enim
548 3985 658 4045 appares,
677 3973 739 4044 quid
787 3989 856 4036 (επις
874 3990 923 4023 nou
936 3974 994 4025 item
1006 3971 1069 4026 forte
1080 3975 1233 4032 senteutiam.

240 4061 294 4118 par
302 4055 339 4116 fit
350 4047 376 4098 in
386 4053 632 4116 utramquepartem.
664 4041 739 4096 Sedsa
824 4045 860 4102 Χ,
875 4061 898 4092 1.
921 4041 1039 4096 voluntas
1057 4041 1171 4110 nominis]
1198 4049 1234 4098 H.
1258 4064 1283 4106 e.

233 4119 362 4189 ¹legamus
378 4117 451 4186 supra
466 4115 570 4182 conjeci,
582 4113 617 4166 ita
635 4129 738 4164 corruec-
783 4109 943 4190 ufiguificarim
955 4127 984 4184 up
1003 4115 1028 4172 6,
1047 4112 1073 4173 2',
1092 4134 1118 4180 9.
1149 4115 1189 4166 De
1208 4117 1286 4190 sylla„

245 4203 313 4246 tetur
337 4187 426 4247 oratio,
450 4185 513 4236 duas
542 4200 581 4236 res
599 4181 740 4252 ſsgrzaiicari
784 4183 859 4252 grsmo
871 4181 1045 4234 recurrendum
1061 4183 1091 4236 ad
1106 4201 1130 4248 7,
1144 4186 1169 4246 8,
1185 4204 1210 4238 1.
1270 4246 1275 4258 ,

242 4257 396 4329 manifestum
412 4256 454 4328 ass,
472 4255 559 4324 easque
572 4261 648 4322 puras
666 4251 692 4304 in
710 4269 738 4304 u·
