2870 4916
382 392 551 454 rnsrrn
572 391 777 452 onaron.
797 391 883 453 nra.
903 391 981 468 rs5.
1149 400 1194 468 ῃ

166 563 301 634 mutare,
324 554 413 644 quod
438 554 490 620 bis
510 553 706 621 locis-verba
727 551 965 639 conjungimus.
1008 551 1094 614 Nam
1119 569 1194 614 curn
1284 591 1287 600 ι

164 641 249 720 dico,
275 643 383 707 circum
406 641 506 720 litora,
526 652 689 726 tamquam
702 657 814 702 ‘unum
838 637 986 714 enuncio,
1007 633 1195 698 dissimulata

164 727 366 798 distinctione
379 751 387 790 ε
413 725 523 811 itaque
537 737 700 811 tamquam
714 723 749 787 in
762 745 827 788 una
840 743 930 802 voce,
946 742 1008 787 una
1022 723 1065 784 cll
1079 732 1192 784 acuta:

162 811 254 898 quod
267 811 354 878 idem
370 806 489 876 accrdit
502 810 536 876 in
552 809 620 889 illu,

334 927 436 1016 Trojae
448 925 501 1014 qui
509 926 626 1014 prinms
639 925 678 989 ab
693 925 763 993 oris.

106 1059 293 1145 28.Evenit‚
308 1033 347 1130 ut
361 1063 454 1130 metri
469 1084 599 1150 quoque
615 1061 756 1126 conditio
771 1073 875 1126 mutet
889 1073 1077 1126 accentum:
1099 1071 1137 1126 ut

335 1183 464 1248 Pecudes
475 1180 621 1268 pictaque
633 1179 764 1244 volucres
776 1203 787 1242 .-

163 1337 241 1382 nam
254 1295 402 1382 volticres
416 1316 523 1386 media
536 1328 630 1380 acuta
642 1313 767 1402 legam:
794 1312 870 1400 quia
884 1313 937 1378 etsr
952 1311 1055 1378 brevis
1068 1321 1193 1392 natura,

163 1416 273 1466 tamen
294 1403 446 1488 positione
467 1402 564 1488 longa
582 1401 637 1477 est,
657 1422 698 1464 ne
718 1398 812 1463 faciat
833 1399 989 1478 iambum,
1012 1419 1107 1484 quem
1129 1419 1193 1461 non

107 1503 151 1574 29
163 1486 278 1573 recipit
293 1488 397 1552 versus
415 1485 574 1552 heroicus·
619 1487 789 1570 Separata²
813 1505 885 1548 vero
906 1482 976 1548 haec
998 1505 1017 1546 a
1035 1504 1136 1568 praece
1160 1495 1195 1544 to

161 1574 270 1636 nostro
284 1594 348 1636 non
371 1568 522 1636 rec'e'dent
533 1567 548 1636 ι’
570 1583 625 1634 aut
641 1569 660 1632 sr
677 1568 872 1634 consuetudo
885 1567 1008 1647 vicerit,
1023 1581 1116 1634 vetus
1138 1504 1195 1630 lex

163 1655 317 1737 sermonis
329 1656 542 1736 abolebitur²;
565 1655 657 1743 cujus
672 1653 831 1718 difficilior
841 1653 925 1740 apud
941 1655 1072 1718 Graecos
1086 1653 1192 1716 obscr-

163 1742 250 1806 vatio
266 1743 321 1822 cst,
337 1742 426 1827 (quia
439 1741 530 1826 plura
542 1739 606 1804 illis
621 1739 774 1826 loquendi
794 1761 923 1825 genera,
937 1761 1016 1824 quas
1034 1737 1195 1806 Araasarac

162 1840 299 1893 vocant:
326 1841 359 1892 et
374 1827 462 1913 quod
476 1825 552 1890 alias
568 1824 726 1904 vitiosum,
739 1824 891 1888 interim*
907 1823 983 1888 alias
996 1823 1120 1888 rectum
1135 1821 1190 1904 cst)

104 1911 248 1996 goapud
264 1933 322 1978 uos
337 1911 599 1976 verobreviffima
622 1911 715 1989 ratio.
760 1911 911 1994 Namque
934 1909 967 1970 in
991 1907 1080 1970 omni
1101 1928 1192 1986 voce,
1281 1950 1286 1957 -

158 2008 253 2064 acuta
277 1996 364 2062 iutra
385 2017 554 2069 numerum
581 1995 679 2059 trium
702 1994 893 2081 syllabarum
917 1993 1109 2071 continetur,
1133 1991 1194 2054 five

108 2187 111 2197 ·
193 2177 208 2205 τ
224 2169 386 2233 appamia
407 2167 503 2216 Gallae.
567 2167 742 2218 *antenna
816 2143 831 2195 δ’
845 2163 894 2213 Aa
912 2164 1009 2214 interm
1025 2163 1137 2211 aeteram
1156 2157 1195 2210 a·

164 2233 237 2293 detur,
248 2245 289 2280 aur
299 2233 366 2282 alias.

164 2381 202 2432 tio
213 2381 288 2432 metri
307 2378 410 2440 mutari,
423 2394 501 2448 quum
518 2379 555 2432 his
566 2379 657 2434 laos-
705 2375 847 2450 quunturs.
862 2397 905 2446 ²9·
923 2391 947 2431 et
964 2379 1027 2430 hanc
1038 2379 1130 2431 habent
1141 2379 1193 2431 sen-

166 2459 285 2519 tanquam
308 2451 419 2501 iambum
437 2449 552 2501 enuntio:
581 2461 605 2502 et
625 2450 656 2502 src
705 2450 823 2501 tentiamr
855 2448 990 2520 Separatim
1012 2447 1028 2500 sr
1051 2450 1193 2518 pronuntie-

163 2520 344 2588 interpretatur
352 2541 358 2570 ε
367 2528 369 2534 ’
378 2519 444 2570 Cum
464 2519 574 2572 conditio
585 2521 657 2572 metri
705 2535 762 2570 mus
773 2519 858 2580 verba,
869 2518 899 2568 de
912 2517 1005 2586 quibus
1016 2518 1096 2570 adhuc
1108 2519 1192 2588 dispu-

166 2589 259 2640 mutari
281 2587 479 2658 pronuntiatione
503 2605 552 2640 non
573 2589 657 2651 debet,
705 2601 785 2640 tatum
805 2587 847 2648 est,
859 2604 888 2638 ea
904 2604 920 2638 a
939 2601 1061 2658 praecepto
1077 2587 1194 2650 noslro,a

164 2656 253 2708 evenit
269 2657 303 2725 (s.
324 2659 382 2726 28.)
401 2656 586 2726 aliquantium
602 2675 657 2709 con·
705 2657 826 2728 regulam
838 2655 892 2726 lege
908 2655 1084 2726 pronuntiandi
1095 2673 1142 2708 nan
1152 2675 1192 2709 re·

167 2725 225 2776 ditio
236 2725 310 2778 πιανέ
321 2736 397 2778 mutet
406 2735 540 2778 accentum.
571 2727 657 2778 Werl-
705 2728 798 2788 cedent,
811 2726 850 2777 sed
864 2727 1069 2794 pronuntiabitur
1089 2723 1194 2788 circum,

167 2793 249 2846 hosius
271 2796 369 2848 volebat
397 2793 561 2850 circumlitam
589 2797 657 2864 quasr
706 2793 818 2848 aboriri
836 2805 882 2852 aut
894 2793 920 2862 fi
936 2795 1073 2864 consuetudo
1093 2795 1135 2846 illa
1155 2813 1193 2846 re·

171 2879 221 2915 una
240 2882 301 2916 voce
319 2865 460 2935 legendum,
480 2877 608 2916 accentum
627 2883 659 2918 ue
706 2882 773 2927 cens,
785 2870 816 2915 de
826 2881 878 2932 qua
888 2865 908 2914 s.
922 2881 938 2914 ι
941 2881 966 2928 5.
978 2865 1075 2925 vicerit,
1084 2874 1113 2914 ut
1124 2865 1194 2922 dica.

169 2933 229 2984 adeo
246 2934 418 2986 collocandum
436 2934 461 2984 in
478 2946 598 3002 quartae
645 2952 658 2986 e
706 2951 762 2986 mus
781 2931 1026 3002 circuim‚puaatrim;
1044 2944 1104 2986 tunc
1121 2945 1194 2992 vetua

168 3000 269 3072 syllaba.
299 3003 423 3074 Perpentis
444 3003 525 3055 denuo
541 3003 658 3056 omnibus
705 3003 746 3055 lex
755 3001 874 3072 sermonis
889 3000 1032 3064 abolebitur,
1044 3019 1100 3072 quac
1112 3005 1194 3058 statim

167 3071 229 3123 mihi
248 3073 295 3124 hoc
318 3074 447 3144 placebat=
482 3073 656 3126 conditionem
706 3071 870 3143 explicabitur
882 3070 901 3143 s.
917 3089 959 3136 30.
979 3071 1041 3124 illud
1053 3073 1079 3124 in
1096 3075 1194 3142 primis,

133 3196 136 3202 ,
166 3139 293 3210 vulgarem
306 3141 482 3211 pronunciandi
494 3154 518 3193 et
536 3141 656 3196 rationem
705 3141 774 3210 quod
785 3139 874 3192 ultima
890 3156 1017 3208 nunquam
1035 3145 1194 3210 nequeacui-

167 3223 263 3260 mutare
280 3213 378 3264 videtur
395 3213 474 3263 Fabio
491 3228 539 3262 vox
555 3209 655 3274 circum
705 3222 747 3261 tur
764 3227 843 3279 neque
862 3209 1072 3262 circumflectitur.
1100 3213 1144 3279 'Ita
1168 3215 1194 3266 in

167 3279 234 3346 quod
254 3279 291 3332 his
308 3279 373 3343 locis,
393 3281 412 3333 i.
433 3299 456 3331 e.
467 3281 587 3350 ‘proxime
599 3293 656 3333 ante
704 3279 774 3332 versu
785 3278 886 3330 laudato
893 3279 1025 3330 dicendum
1034 3281 1133 3349 quidem
1146 3301 1194 3336 vo-

167 3347 250 3398 casum
278 3349 350 3400 suum
378 3351 490 3420 ponitur.
519 3351 586 3401 Nam
614 3349 655 3404 hic
704 3348 793 3410 lateres,
816 3347 855 3400 sed
877 3361 1029 3420 curtracum,
1054 3349 1193 3422 separatim,

167 3429 272 3490 utraque
294 3417 387 3487 syllaba
408 3419 476 3470 vocis
499 3417 589 3471 circum
613 3421 655 3470 de·
696 3417 829 3470 *vo‘tucrea
1182 3425 1186 3431 '

131 3483 136 3494 ’
166 3487 241 3554 pressa
258 3486 326 3556 quali
345 3485 419 3539 latere
438 3487 524 3558 potest,
536 3499 656 3558 tanquam
743 3506 784 3550 ²7·
804 3485 896 3556 Trojae]
916 3487 982 3538 AEn.
999 3506 1023 3550 r,
1038 3507 1062 3553 5.
1076 3500 1100 3541 et
1111 3493 1195 3560 proxi·

165 3570 223 3622 pars
242 3558 321 3608 totius
345 3558 414 3608 vocis
433 3555 608 3619 circumlitam,
628 3569 657 3610 ut
705 3573 762 3609 mus
776 3558 855 3608 versus
868 3555 965 3626 Georg.
982 3575 1005 3622 3,
1018 3575 1079 3621 243.

166 3624 227 3676 adeo
249 3627 275 3676 in
294 3627 407 3695 quinque
426 3625 465 3676 his
484 3619 584 3696 syllabis
607 3643 661 3692 una
742 3644 784 3692 29.
798 3627 923 3695 Separata
934 3627 1010 3691 vero]
1024 3628 1099 3679 Hunc
1111 3628 1195 3684 locum

166 3701 263 3745 tantum
284 3693 312 3746 srt
333 3707 416 3756 acuta;
433 3711 489 3745 'nem
509 3714 522 3746 e
538 3697 657 3766 primaint
706 3711 777 3752 ame
794 3711 843 3746 non
863 3693 968 3764 intelligi
987 3693 1074 3758 fateor,
1086 3701 1195 3766 gratiam

165 3759 253 3814 litora.
276 3763 313 3814 ita
330 3715 530 3834 circumpisco'ssu:
559 3767 595 3817 ita
611 3764 656 3816 ab·
706 3763 848 3826 habiturus,
868 3765 913 3832 qui
932 3764 1100 3834 explicaverit,
1117 3768 1195 3831 vel‚li
1298 3801 1299 3804 =

166 3830 225 3893 ciris,
247 3833 293 3884 ubi
313 3833 347 3882 ab
365 3851 412 3883 non
433 3833 507 3885 habet
519 3846 657 3896 accentum,
704 3845 838 3902 corruptus
850 3833 891 3895 et,
903 3834 1077 3888 emendaverit.

166 3897 205 3950 sed
217 3901 248 3952 ad
261 3901 345 3952 casum
357 3901 427 3953 suum
445 3903 589 3972 adiungitur
607 3904 656 3956 διε.
741 3921 784 3969 29.
797 3901 855 3973 quia
862 3903 939 3972 plura
947 3902 1007 3968 illis]
1020 3905 1078 3956 Non
1086 3906 1195 3964 multum

166 3968 223 4022 Hac
247 3969 349 4023 admissa
368 3972 576 4042 interpretatione,
596 3973 658 4041 (non
705 3971 860 4024 difficultatis
871 3972 989 4024 dotirinae
1004 3973 1034 4024 de
1052 3980 1195 4034 accentibus

166 4036 224 4091 satis
236 4051 319 4111 aperte
331 4052 387 4092 ante
399 4040 528 4111 proposita,
541 4043 602 4110 quin
613 4057 657 4094 nec
706 4041 753 4094 sive
765 4043 891 4093 tenoribus
903 4041 1001 4094 dialecti
1013 4040 1135 4100 adserunt.
1167 4051 1194 4101 1.

166 4105 238 4174 plane
259 4119 376 4179 percepta
398 4111 490 4171 animo,
513 4110 570 4162 licet
593 4111 658 4164 circa
707 4125 783 4180 taque
802 4110 937 4181 suspeslum
957 4111 1029 4173 milri,
1051 4103 1138 4181 fatcor,
1155 4129 1194 4170 to.

165 4175 234 4228 illam
253 4195 294 4229 me
310 4175 380 4230 fuisse
400 4197 439 4230 res
459 4178 511 4248 ipsa
527 4179 658 4249 loquatur)
707 4191 763 4232 tum
781 4179 828 4232 hoc
846 4181 914 4248 quod
937 4181 1070 4252 parenthesi
1088 4186 1195 4241 circum*

163 4244 274 4312 jamnae
287 4246 331 4301 illa
346 4245 458 4312 difficilia
473 4247 606 4319 suraque
624 4251 658 4304 se·
707 4249 879 4320 scriptumest.
1186 4283 1188 4288 -

759 4337 819 4420 ⁰3
