2870 4916
363 402 756 468 instruemur.
778 407 974 470 nomnen.
1028 373 1030 384 ⁴
1157 421 1186 496 ,ς

104 564 302 634 cuonone
322 569 543 658 vulgaverint.
586 569 697 640 Quare
719 570 826 639 inhic
838 595 882 662 qu
925 591 968 640 ue
987 571 1078 638 libris
1091 583 1187 640 erunt

133 653 262 720 eadem
277 653 397 744 aliqua,
413 657 518 722 multa
530 669 667 737 mutata,
683 657 821 744 plurima
835 658 906 724 ad'e
940 680 970 738 a,
986 657 1094 727 omnia
1107 677 1186 728 vere

99 739 286 844 9cqqurpq1i
304 740 312 754 '
332 755 436 892 Q?
455 765 552 830 quam
574 761 633 810 nos
653 742 827 830 poterimus
848 679 1019 810 elaborata.
1064 745 1183 810 Orato-

132 829 221 888 neu'r‘
238 847 279 890 au
294 812 347 891 dm
369 850 402 892 ιιι
428 825 562 893 ituimus
586 827 679 894 illum
697 828 885 915 perfectum,
901 829 962 916 qui.
975 829 1040 904 ¹usse
1061 830 1115 895 nifi
1137 831 1285 898 vir-*-

132 907 255 976 bonus
270 933 334 978 non
350 915 470 1000 potest:
494 913 632 1001 ideoque
646 935 711 980 non
726 913 855 980 dicendi
869 915 968 980 modo
982 914 1132 984 eximiam
1148 916 1183 982 iu

79 1008 121 1053 10
133 1015 183 1058 eo
208 995 408 1078 facultatem,
424 997 477 1064 sed
497 1021 610 1066 omnen
628 999 727 1066 animi
743 1000 878 1066 virtuter
893 1000 1066 1088 exigimus.
1109 1003 1182 1070 Ne·

134 1101 211 1166 que
231 1081 319 1146 enirn
347 1083 411 1148 hoc
435 1083 650 1165 concesserim,
674 1085 830 1150 rationem
856 1086 952 1153 redlae
977 1085 1183 1174 honesteque

97 1245 105 1255 ι
133 1163 221 1230 vitae
239 1176 291 1249 (ut
305 1169 437 1253 quidam
454 1172 659 1256 putauerunt)
680 1170 719 1252 ad
733 1170 938 1258 philosophos
952 1171 1157 1260 relegandam
1170 1197 1180 1238 r

134 1271 220 1316 cum
237 1252 286 1316 vir
299 1253 357 1318 ille
372 1277 443 1319 vere
458 1255 575 1334 civilis,
590 1269 623 1320 et
636 1255 838 1343 publicarum
859 1257 1117 1344 privatarumque
1130 1279 1182 1322 re·

134 1357 215 1400 rum
240 1337 505 1406 administrationi
530 1342 806 1421 accommodatus,
826 1342 884 1430 qui
907 1363 1018 1428 regere
1044 1343 1183 1408 consiliis

134 1422 252 1502 urbes,
269 1423 404 1490 fundare
418 1426 558 1514 legibus,
574 1427 744 1492 emendare
757 1426 890 1513 judiciis
903 1428 1006 1514 poffit,
1021 1449 1085 1492 non
1101 1427 1183 1494 aliur

78 1521 118 1568 11
137 1506 182 1571 lit
194 1509 350 1594 profecto,
363 1534 459 1598 quam
472 1527 588 1576 orator.
605 1513 727 1590 Quare,
739 1513 858 1578 tametfi
872 1535 925 1578 me
939 1512 1041 1578 fateor
1053 1512 1182 1580 usurum

135 1594 425 1682 quibusdanr‚quae
436 1597 696 1698 philosophorum
707 1597 796 1662 libris
805 1597 1183 1677 continentur,tamenet

131 1675 211 1764 jure
230 1689 372 1768 vereque
388 1682 610 1748 contenderim
625 1682 719 1748 essen
760 1684 803 1749 ris
818 1684 923 1763 nostri,
938 1685 1128 1771 proprieque
1142 1682 1184 1750 ad

83 1777 125 1828 12
139 1777 245 1830 artem
257 1767 431 1832 oratoriam
444 1769 614 1854 pertinere.
630 1771 696 1847 Au,
719 1792 729 1832 ι
741 1768 989 1856 frequentiffime
999 1769 1182 1856 dejustitia,

137 1847 1181 1939 fortitudine,temperantia‚ceterisquefimitibusfitditserendunr,

137 1947 176 1999 et
190 1937 287 2021 adeo,
302 1939 407 2004 utrix
422 1939 509 2004 ulla¹
531 1940 623 2025 poffit
643 1938 746 2004 cautla
765 1940 905 2024 reperiri,
921 1939 954 2002 in
968 1962 1066 2026 quarn
1079 1953 1092 1980 ⁰
1115 1961 1181 2006 nou

138 2020 251 2108 aliqua
263 2024 395 2108 quaestio
406 2045 446 2088 ex
456 2023 507 2088 his
517 2015 649 2104 indidat,
659 2045 759 2110 eaque
772 2025 879 2090 omnia
889 2024 1184 2113 inventionemque

139 2105 329 2173 elocutione
352 2111 412 2173 fint
433 2109 642 2196 explicanda:
677 2109 888 2191 dubitabitur,
912 2110 1110 2198 ubicumque
1133 2111 1182 2178 vie

141 2191 269 2280 ingenii
284 2209 318 2257 et
332 2217 372 2258 co
395 2196 426 2259 ia
440 2195 568 2260 dicendi
582 2195 770 2282 postulatur,
785 2196 832 2262 ibi
846 2207 951 2284 partes
970 2196 1104 2262 oratoris
1122 2196 1183 2262 eise

86 2288 126 2356 13
164 2278 343 2365 raecipuasi
370 2217 599 2368 lucrumque}²
612 2281 695 2360 haec,
710 2293 748 2352 ut
762 2281 877 2346 Cicero
891 2281 1101 2368 apertiffimer
1116 2282 1184 2348 col·-

141 2299 231 2452 ligit,
246 2366 519 2452 quemadmodum
529 2366 644 2454 juneia
659 2379 784 2444 natura,
799 2367 839 2432 stc
854 2367 962 2432 officio
977 2389 1104 2453 quoque
1124 2389 1182 2432 co·

141 2449 267 2536 pulcra,
283 2463 320 2513 nt
340 2451 436 2515 iidem
458 2451 623 2536 sapientes,
645 2467 744 2538 atque
765 2451 953 2540 eloquentes
976 2452 1182 2519 haberentur.

141 2535 164 2598 S
186 2534 197 2598 i
223 2535 248 2598 't
264 2535 380 2601 deinde
392 2537 422 2600 se
438 2537 587 2614 studium,
599 2551 698 2623 atque
712 2537 828 2602 inertia
842 2537 964 2604 iactum
979 2537 1033 2616 est,
1050 2549 1087 2600 ut
1098 2549 1183 2602 artes
1274 2607 1277 2612 ,

140 2641 160 2683 e
184 2643 205 2684 e
220 2619 329 2705 plures
342 2621 559 2688 viderentur&
580 2623 666 2686 Nam
681 2634 719 2686 ut
730 2621 872 2708 primurn
887 2622 1001 2709 lingua
1013 2619 1073 2688 etse
1084 2621 1184 2709 c'oepit
1212 2656 1215 2661 ·
1292 2676 1295 2688 ,

140 2705 190 2770 iu'
216 2708 328 2784 uaestu,
343 2707 589 2794 institutumque
610 2707 804 2794 eloquentiae
826 2708 921 2780 bonis
942 2705 1025 2772 male
1044 2706 1104 2786 uti,
1120 2729 1182 2772 cu·

89 2727 368 2871 urici‘i‘nbrum,
384 2793 441 2880 qui
456 2793 563 2857 diserti
578 2793 791 2870 habebantur,
805 2793 1016 2880 reliquerunt.
1044 2793 1093 2856 Ea
1107 2813 1184 2858 vero

140 2874 295 2940 destituta
317 2877 544 2942 infirmioribus
568 2877 709 2966 ingeniis
732 2877 822 2942 velut
843 2876 961 2964 praedae
982 2875 1057 2941 fuit.
1102 2875 1183 2942 Inde

139 2961 291 3048 quidam,
319 2975 487 3028 contemto
514 2965 597 3028 bene
626 2961 754 3028 dicendi
781 2962 902 3040 labore,
928 2961 968 3026 ad
997 2959 1184 3030 fornraudoc

140 3045 283 3126 animos,
309 3048 490 3113 statuendas
506 3069 548 3113 ue
572 3049 648 3113 ritae
676 3047 769 3136 leger
790 3046 929 3135 regredi,
956 3059 1079 3134 partem
1106 3049 1182 3134 qui-

141 3131 223 3196 dem
292 3133 419 3214 tiorem,
442 3135 462 3198 fi
484 3071 590 3200 dividi
613 3132 723 3222 pollet,
744 3132 944 3200 retinuerunt
956 3157 966 3212 3
989 3153 1108 3197 nomen
1132 3145 1183 3198 ta·

141 3237 222 3281 men
270 3219 304 3282 bi
328 3218 602 3288 insolentiffimum
624 3232 865 3306 arrogaverunt,
885 3230 923 3284 ut
945 3217 1002 3284 soli
1023 3217 1183 3304 sapientiae

140 3301 270 3366 studiosi
286 3317 496 3370 vocarentur:
520 3305 608 3392 quod
628 3327 732 3391 neque
753 3304 867 3372 summi
889 3303 1107 3390 imperatores,
1123 3325 1182 3370 ne·

142 3395 221 3488 que'
232 3387 263 3452 in
287 3389 424 3454 confiliis
441 3395 549 3454 rerum
572 3390 797 3470 maximarum,
812 3411 850 3460 ac
871 3390 972 3454 totius
987 3387 1183 3462 administra·

143 3485 237 3538 tione
252 3471 438 3562 'reipublicae
452 3469 684 3562 praeclariflime
698 3473 820 3554 versati,
835 3473 892 3540 fibi
905 3495 1059 3562 umquam
1069 3473 1182 3538 uindi-

88 3578 127 3652 15
143 3579 219 3624 care
239 3558 313 3626 sunt
336 3561 413 3630 aufi.
458 3558 575 3628 Facere
594 3560 682 3626 euim
705 3561 839 3648 optima,
861 3582 959 3649 quam
982 3559 1182 3647 promittere,

177 3781 197 3807 ¹¹¹
216 3789 300 3826 aurore
310 3775 342 3826 G.
349 3777 395 3842 sed
402 3777 494 3828 honore
504 3786 579 3828 tuetur
589 3777 686 3826 imitatio
697 3777 825 3844 Hieronymi
835 3779 896 3844 epist.
910 3794 933 3838 1,
944 3789 969 3838 7.
976 3796 996 3836 ,a
1009 3771 1181 3840 Gramiopri-

142 3839 202 3890 lara.
325 3850 336 3870 ¹³
354 3857 396 3890 orn.
408 3843 440 3894 G.
559 3855 571 3878 ⁰
587 3858 643 3906 quae
655 3845 686 3892 G.
698 3855 721 3892 et
729 3845 793 3893 lens.
809 3845 868 3908 quod
875 3861 916 3892 m
927 3855 1007 3891 temere
1017 3843 1181 3906 damnaverim.

141 3907 418 4021 :liguqqqnqpiqtprgff
514 3915 526 3949 ⁶¹
545 3909 664 3972 aptiffime
675 3907 706 3958 G.
716 3909 781 3958 lens.
791 3909 851 4010 ,Ald’
958 3920 969 3950 r
981 3909 1120 3970 judicentur
1131 3919 1180 3956 curn

178 4167 222 4216 ιι.
240 4149 341 4216 Cicero]
354 4151 394 4204 De
405 4152 479 4203 Orat.
494 4167 519 4214 3,
531 4166 573 4217 ις,
580 4147 635 4220 sqq.
686 4149 763 4202 etiarn
778 4147 940 4220 prqseffionem
956 4158 1039 4210 vocat,
1050 4147 1116 4203 nane
1133 4166 1178 4204 vo-

179 4239 190 4272 ι
196 4239 211 4288 5
228 4221 387 4292 promittere]
415 4220 462 4273 Ad
480 4220 559 4271 totius
579 4221 638 4274 rire
687 4237 740 4272 cern
759 4223 880 4292 pertinere
898 4220 1082 4272 observavimus
1102 4221 1179 4272 etiam

141 4290 287 4346 institutum
310 4304 335 4344 et
356 4305 422 4354 earu,
445 4305 523 4360 qmm
545 4288 639 4361 vulget
687 4287 720 4341 ad
734 4291 863 4343 Fabrumr
878 4288 1029 4361 prtfifforem
1045 4289 1178 4360 etiamfa-

700 4377 753 4448 Β3
