3000 4908
246 399 306 467 ³40
396 399 401 406 ·
479 370 1037 446 ttrauuoumcrrmanr

245 543 399 650 etreliqua
414 545 540 614 vivendi
553 545 634 614 ratio
649 545 819 636 querenda
838 545 893 625 est,
908 541 1167 644 credendumque
1190 536 1272 610 doe·

245 633 370 708 tiffimrs
384 627 580 710 hominibus,
597 633 652 719 qui
667 631 797 698 unicum
811 629 1010 698 adversorum
1029 627 1175 694 solatrum
1194 627 1270 694 lite-

246 739 298 784 ras
312 730 514 806 putaverunt.
559 716 733 804 Siquando
752 729 859 784 tamen
883 715 928 782 ita
948 713 1117 782 resederit²
1136 711 1276 814 presens

246 802 399 890 impetus,
412 815 450 868 ut
463 801 568 890 aliqua
582 814 631 866 tot
643 801 785 868 luetibue
799 801 861 868 alia
879 799 1035 890 cogitatio
1055 799 1146 866 insen
1167 798 1271 886 poffit,

250 909 315 954 uon
340 887 451 976 injuste
475 886 620 976 petierim
648 910 746 954 morae
774 886 910 954 veniam.
955 885 1038 952 Quis
1062 885 1147 950 enim
1174 881 1275 950 dilata

249 973 351 1040 studia
373 973 515 1054 miretur,
541 996 615 1060 quae
638 973 746 1060 potius
771 995 835 1038 non
855 973 989 1070 abrupta
1010 969 1070 1038 else
1091 968 1271 1036 mirandum

249 1059 316 1124 esti
339 1059 438 1138 Tum,
452 1059 472 1124 st
488 1081 552 1146 qua
564 1057 671 1124 minus
684 1055 801 1124 suerint
816 1057 927 1127 essebia
940 1055 991 1136 rie,
1025 1079 1077 1122 uae
1090 1053 1193 1128 levius
1214 1053 1271 1118 ad·
1288 1057 1335 1134 15·

249 1143 317 1208 huc
330 1143 439 1210 afflitti
456 1165 506 1208 coe
546 1165 664 1222 ramus,
684 1143 883 1230 [imperitiae⁸
902 1143 971 1228 aut]
998 1079 1135 1206 itrtunae
1159 1138 1271 1204 remit-

249 1239 381 1294 tantur:
405 1251 489 1330 quae,
506 1165 627 1316 icquid
649 1229 859 1294 mediocrium
879 1225 999 1326 alioqui
1019 1227 1121 1292 nostro
1141 1223 1274 1316 ingenio

251 1313 367 1378 virium
381 1313 454 1393 furt,
469 1327 583 1378 utnon
604 1313 786 1394 extinxerit,
801 1311 1000 1380 debilitavitb
1022 1324 1129 1376 tamen
1140 1323 1164 1376 ⁸.
1209 1309 1276 1376 Sed

250 1397 303 1463 vel
316 1421 374 1486 pro
399 1411 447 1464 ter
459 1397 523 1463 hoc
544 1419 602 1464 noo
622 1399 843 1482 contumacius
865 1397 1037 1486 erigam,
1052 1391 1164 1484 quoda
1185 1393 1275 1462 illam

251 1494 290 1548 ut
303 1421 437 1570 pessime
453 1483 544 1548 nobis
558 1482 686 1550 difficile
702 1485 756 1566 est,
772 1485 817 1549 ita
837 1481 930 1549 facile
951 1494 1164 1548 contemnere.
1209 1479 1273 1544 Ni·

251 1566 301 1632 hil
325 1571 410 1632 enim
434 1567 490 1634 fibi
512 1567 657 1634 adversus
680 1569 809 1636 mercii
831 1568 892 1649 uit,
908 1579 942 1634 et
956 1561 1115 1632 infelicem
1153 1563 1273 1646 uidem,

251 1652 306 1730 sed
321 1653 518 1718 certissimam
534 1665 640 1720 tamen
657 1653 765 1720 attulit
779 1678 825 1720 nn
850 1653 915 1718 'ex
936 1651 987 1716 his
1009 1651 1102 1717 malis
1125 1589 1274 1716 sicurita-

252 1749 333 1804 tom.
370 1739 475 1804 Bonie
488 1753 596 1804 autem
610 1739 943 1806 consuleresnosirum
959 1737 1100 1804 laborem
1113 1735 1164 1802 vel
1177 1758 1274 1824 prop÷
1290 1734 1333 1802 16

143 1846 145 1854 ·
252 1834 302 1888 ter
316 1823 378 1888 hoc
394 1835 518 1888 eertum
530 1835 544 1874 ἰ
558 1825 613 1903 ost,
628 1826 714 1910 quod
730 1826 762 1892 in
776 1825 902 1890 nullum
917 1823 987 1910 jam
1007 1821 1168 1910 proprium
1184 1821 1276 1887 usum

252 1909 495 1994 perseveramus,
510 1909 564 1974 sed
588 1911 692 1976 omnis
714 1911 783 1976 haec
806 1933 881 1976 cura
900 1907 941 1974 ad
963 1907 1095 1988 alienos,
1109 1917 1148 1971 ut
1165 1905 1278 1972 alienia

253 1993 343 2058 utilis
361 1995 394 2079 (sr
410 1991 507 2060 modo
521 1993 600 2082 quid
613 1995 694 2062 utile
713 1995 892 2076 scribimus)
917 1993 1045 2081 spetiat.
1089 1991 1160 2056 Nos
1180 1991 1276 2058 mise·

253 2077 301 2158 ri,
309 2079 387 2144 ficut
401 2077 565 2144 facultates
579 2081 761 2164 patrimonii
774 2079 880 2162 nostri,
895 2079 940 2144 ita
954 2077 1017 2144 hoc
1036 2099 1116 2165 opus
1135 2075 1206 2142 eliis
1219 2097 1276 2163 pa·

253 2162 393 2228 ravimus
403 2163 428 2243 ¹¹,
442 2163 512 2228 aliis
525 2163 755 2250 relinquemus.

299 2249 327 2313 1.
349 2249 500 2314 Peroratio
514 2247 712 2334 sequebatur,
749 2273 825 2317 uam
841 2247 987 2314 motulam
1000 2246 1145 2334 quidam,
1160 2243 1277 2311 conclu·

194 2403 196 2412 ,
242 2333 358 2422 stenem
381 2333 587 2397 aliiooeant.
630 2335 707 2424 Ejus
727 2275 845 2423 inplere
870 2333 950 2400 ratio
971 2333 1025 2413 est,
1049 2331 1148 2420 posrta'
1168 2343 1224 2396 aut
1244 2329 1278 2394 in

255 2421 363 2498 rebus,
378 2432 434 2484 aut
447 2415 480 2482 in
496 2417 689 2491 affetiibns¹.
733 2421 844 2488 Rerum
857 2418 986 2508 repetitio
1001 2421 1044 2484 et¹
1056 2413 1278 2506 congregatio,

254 2527 329 2590 quae
346 2505 459 2568 Graece
471 2503 588 2570 dicitur
601 2504 859 2588 ἁνακεφαλαὶωσις,
873 2527 893 2568 a
905 2517 924 2546 ¹¹
939 2501 1125 2590 quibusdam
1145 2499 1279 2566 latino·

255 2611 330 2654 rum
347 2591 535 2668 enumeratio,
549 2603 583 2652 et
597 2589 784 2652 memoriam
801 2587 920 2676 judicis
941 2587 1053 2666 reficit,
1068 2600 1102 2652 et
1122 2598 1223 2652 totam
1238 2585 1279 2649 ti-
1352 2595 1363 2618 ⁸

256 2673 328 2738 mul
349 2673 481 2748 baussam
508 2673 599 2760 ponit
622 2684 695 2737 ante
717 2673 838 2752 oculos,
864 2688 909 2754 et,
933 2671 1052 2738 etiamsi
1077 2693 1136 2760 per
1158 2669 1282 2758 lingula

257 2760 365 2825 minus
387 2772 528 2824 moverat
539 2769 563 2836 ¹¹,
579 2757 672 2822 turba
694 2757 788 2823 valet.
833 2761 870 2824 In
893 2759 966 2838 hac,
992 2779 1066 2845 quae
1087 2767 1314 2844 repetemum

258 2866 354 2930 quam
369 2843 543 2910 brevissime
558 2841 692 2908 dicenda
706 2841 787 2924 sunt,
802 2855 846 2923 et,
861 2843 949 2932 quod
965 2845 1080 2909 Graeco
1101 2839 1198 2908 verbo
1222 2862 1280 2928 pa·

256 2943 318 3008 tet,
334 2929 566 2994 decurrendum
592 2950 647 3014 per
667 2929 776 3016 capito.
819 2929 919 3010 Nam,
944 2927 966 2991 fi
989 2927 1197 3006 morabimur,
1215 2947 1281 2991 non

253 3013 323 3101 jam
339 3014 546 3090 enumeratio,
562 3011 611 3076 sed
625 3010 723 3076 altera
736 3012 819 3100 quasi
837 3013 892 3079 fiet
912 3013 1023 3078 orati0.
1068 3013 1151 3078 Quae
1169 3023 1283 3076 autern

259 3099 473 3162 enumeranda
492 3097 648 3178 videntur,
663 3118 737 3162 cum
756 3096 895 3196 pondere
915 3097 1023 3184 aliquo
1044 3095 1180 3162 dicenda
1199 3096 1282 3176 sunt,

261 3181 416 3268 et‘aptise
435 3177 602 3248 excitandi
621 3181 794 3261 sententiis,
808 3195 842 3248 et
855 3183 965 3270 figuris
979 3182 1090 3270 utique
1111 3179 1280 3246 varianda:

261 3265 382 3366 alioqui
397 3266 477 3331 nihil
489 3271 533 3332 esi
547 3267 683 3331 odiofius
706 3268 791 3334 reeta
811 3267 867 3332 illa
886 3266 1086 3353 repetitione,
1101 3266 1191 3332 velut
1210 3287 1281 3330 me·

262 3373 373 3416 morrae
385 3350 534 3438 ‘judicum
555 3351 737 3417 diffidentis.
781 3354 864 3418 Sunt
883 3366 990 3416 autem
1011 3349 1258 3417 innumerabiles
1272 3372 1314 3439 :3

262 3437 448 3532 optimeque
462 3438 495 3508 in
510 3438 642 3504 Verrem
665 3437 791 3518 Cicer0,
809 3438 843 3502 Si
859 3437 1027 3529 poter'ipse
1036 3437 1200 3526 judicaret,
1216 3457 1285 3523 quae

297 3628 307 3654 ²
327 3623 405 3672 referit
413 3619 477 3670 tens.
574 3626 585 3651 ²
603 3612 696 3685 Quidst
703 3622 811 3685 imperiis
820 3622 938 3670 sortunae?
960 3621 1119 3683 Gerre·imperi
1129 3631 1172 3670 aut
1182 3622 1285 3669 fortunae

264 3686 293 3750 etl
305 3687 328 3734 r'n
338 3687 368 3736 V.
379 3688 407 3735 C.
419 3681 501 3737 Almel.
518 3683 610 3744 injuriae
621 3687 675 3748 coefi.
687 3687 795 3736 Setettuse
809 3688 949 3749 impedienti
961 3688 1079 3749 sortecotp'..
1089 3689 1147 3736 Bur.
1213 3684 1223 3715 ὓ
1241 3686 1285 3733 de-

263 3749 527 3802 blitamenomtens.
592 3750 880 3808 ‘'iammcneGaeroI.v
927 3751 1076 3814 “quetent
1139 3749 1241 3798 ‘Bonis
1252 3749 1285 3796 G.

263 3815 329 3868 lens·
414 3813 627 3868 ‘consolatiltnl
715 3811 1087 3878 ‘'caecumlensandeaequum
1098 3809 1285 3877 commutetur:
1307 3817 1321 3844 θ

264 3877 707 3942 οεῐῒῦωρηεσοννηρηιηαῐιᾶυω.
804 3877 1092 3944 hpraeparabtmustent.
1109 3889 1167 3926 certe
1177 3878 1287 3942 fleturum

258 3943 342 3990 melius
351 3944 466 3990 convenire
475 3943 574 4000 viderur,
585 3952 607 3989 et
617 3953 668 3990 nota
673 3943 779 4008 perpessio
789 3943 1114 4008 litercnatmbett‘confnfio.¹
1173 3941 1287 3990 terret-{tt-
1332 3995 1334 4001 ¹

264 4005 384 4058 testeos.
447 4005 586 4058 teriamtd.
649 4017 671 4046 m
686 4011 771 4076 amc».
834 4019 849 4047 ἢ
866 4007 1013 4068 moveretG.
1077 4005 1268 4072 ‘attentabat

272 4221 275 4226 ,
301 4171 325 4233 i,
336 4188 361 4237 3.
373 4169 399 4226 iu
410 4171 510 4228 temen
522 4159 616 4238 Cicero]
630 4191 657 4239 ς,
667 4191 713 4241 5²·
726 4187 752 4230 et
800 4175 921 4240 attamen
943 4171 1005 4224 nihil
1027 4169 1166 4243 potestesse
1184 4167 1292 4243 splendi-

265 4237 370 4296 uorum
387 4258 413 4309 ς.
424 4259 469 4306 72.
487 4258 538 4312 qua
554 4253 665 4314 utraque-
675 4243 753 4298 tme.
800 4241 870 4307 dios,
882 4241 1066 4315 augustiusque.
