2938 4910
406 423 577 486 rusrrr.
598 422 798 506 onnron.
823 421 907 486 nni.
928 421 997 488 vu.
1019 415 1053 502 a?
1174 445 1243 508 ‘ua

202 577 348 670 herodem,
363 586 489 654 inuicem
497 589 617 739 lpetitur
630 584 735 652 martur
757 587 893 679 injodiio:
916 600 950 655 et
963 599 1116 678 patronus
1130 603 1246 680 nogat,

196 672 285 760 jusm
312 675 411 761 patrie
432 673 480 740 illi
514 675 620 754 uille,·
646 674 700 738 nia
719 673 783 760 ipse
808 675 841 737 in
861 695 960 755 manu
980 677 1108 764 patroni
1130 677 1241 747 fuerit.

149 772 191 820 10
203 759 358 846 Duplices
378 760 470 850 leges
480 773 505 842 ¹¹,
524 761 604 826 ficut
620 695 710 839 duae,
726 758 925 826 colliduntur
938 783 958 824 τ’
970 773 1019 844 ut,
1034 761 1152 828 Nothur
1172 776 1244 830 ante

203 844 370 934 legitimam
383 854 485 926 natur,
502 845 653 934 legitimus
684 855 728 924 τις
748 843 811 934 pest
831 844 1005 928 legitimam,
1022 858 1138 914 tantum
1154 850 1244 916 aluit.

203 932 304 999 Quod
325 933 367 997 de
387 932 528 1020 legibus,
543 931 630 997 idam
673 929 976 996 asenatusconsultis
996 931 1143 1000 didtnmt
1167 955 1244 1023 quta

204 1016 252 1082 sr⁰
272 1030 329 1082 aut
350 1018 435 1082 intcr
456 1017 487 1082 sa
506 1028 664 1106 pugnent,
680 1028 736 1082 aut
756 1016 884 1082 obstent
896 1017 1039 1105 legibue,
1053 1041 1119 1084 non
1133 1033 1245 1088 tamon

202 1102 291 1168 alind
307 1104 344 1168 fit
360 1101 428 1190 ejus
444 1103 539 1168 status
554 1125 686 1169 nornen.

246 1190 343 1255 VIII.
369 1189 461 1275 (IX.)
488 1189 511 1255 S
529 1189 682 1278 llogismas
696 1189 796 1255 habet
810 1185 953 1338 ιΙὶεὶυὶἀΡ
967 1189 1067 1254 simile
1081 1189 1198 1280 scripto
1211 1203 1247 1259 et

202 1273 376 1354 voluntati,
392 1275 470 1362 quia
491 1215 615 1364 ldmper
658 1297 707 1342 ars
731 1275 766 1340 in
788 1295 830 1340 eo
849 1286 949 1340 atera
968 1274 1084 1363 scripto
1104 1279 1243 1348 nititur:

202 1359 256 1426 scd
278 1361 342 1424 hoc
365 1361 504 1444 interest,
543 1361 609 1426 uod
628 1297 719 1427 illicq
742 1373 854 1426 contra
871 1359 1023 1449 scripturn
1043 1361 1174 1444 dicitur,
1190 1363 1246 1428 hio
1314 1426 1315 1429 ,

174 1459 177 1465 ’
202 1447 296 1547 super
308 1445 480 1533 scriptum
504 1385 584 1528 illic,
601 1447 659 1536 qui
674 1449 770 1511 verba
785 1445 940 1528 defendit,
957 1446 1020 1512 hoc
1034 1447 1114 1536 agit,
1131 1460 1169 1513 ut
1190 1447 1247 1514 fiat

177 1551 180 1554 ·
203 1545 329 1618 utrque,
346 1531 434 1620 quod
454 1533 512 1599 scri
536 1545 607 1600 tum
622 1533 690 1612 cst3
714 1531 781 1613 hio,
795 1554 837 1596 nc
857 1531 957 1613 aliud,
973 1555 1069 1619 quam
1093 1533 1150 1599 scri
1174 1545 1248 1602 tum
1356 1583 1360 1593 ·

203 1617 260 1682 cst.
298 1617 379 1682 E'ua
392 1555 546 1686 nonnulla
561 1617 658 1684 etiarn
673 1639 747 1684 cum
752 1617 896 1706 finitione
910 1618 1095 1706 conjunctio
1104 1633 1126 1684 f.
1191 1640 1247 1684 am

171 1701 296 1803 aluric,
313 1641 334 1766 li
345 1703 454 1791 finitio
476 1704 602 1770 infirma
624 1704 680 1786 ost,
700 1705 734 1768 in
747 1703 955 1854 ſjlloggmum
978 1703 1150 1770 delabitur.
1195 1703 1248 1772 Sit

204 1809 291 1854 ennn
306 1787 372 1868 lex,
392 1789 527 1880 Vertaflaa
540 1791 635 1879 capite
645 1791 803 1878 puniatur.
871 1790 1113 1887 ceprsecubaati‘
1129 1801 1246 1854 amato-

133 1873 140 1883 ’
203 1875 285 1940 rium
306 1875 400 1961 dedit,
420 1878 552 1942 aumdm
573 1876 768 1965 repudiavitr
789 1889 1041 1964 perpropinquus
1066 1889 1186 1974 rogata,
1212 1887 1248 1941 ut

205 1963 328 2042 rediret,
344 1985 403 2027 noa
418 1959 611 2049 astravora:
623 1961 823 2111 sssonditsa
837 1961 976 2026 moritus.
1019 1961 1141 2026 Mulier
1154 1985 1247 2027 oeno·
1331 1967 1334 1972 ’

192 2045 333 2134 fleiirea
347 2045 395 2136 ιβ.
441 2048 527 2114 Fort'i
565 2067 648 2113 mac
685 2045 770 2112 adio
784 2043 922 2111 dicentis
936 2046 1130 2112 amatorium
1149 2069 1248 2112 vene-

205 2153 285 2198 num
302 2134 383 2198 este:
406 2131 440 2198 id
454 2132 649 2221 eritfiaitio:
671 2153 745 2220 quan
761 2131 781 2195 st
795 2153 909 2220 parum
931 2132 1064 2212 valebit,
1080 2132 1137 2196 fiet
1145 2133 1249 2220 sylla·

201 2219 339 2307 gismus:
361 2217 401 2282 ad
416 2239 528 2316 quern,
543 2219 634 2284 volut
645 2215 774 2282 remilia·
783 2217 887 2305 priore
900 2217 1121 2298 contentione,
1137 2217 1249 2284 venic-

155 2347 158 2354 =
205 2325 291 2382 mua,
308 2329 349 2367 on
366 2305 492 2392 peranda
500 2304 607 2394 puniri
620 2303 736 2383 debeat,
752 2327 788 2366 ao
797 2303 834 2388 β
845 2303 948 2367 vitum
968 2327 1079 2368 veneno
1093 2305 1251 2392 neoaffet?

170 2399 190 2468 3
206 2390 297 2478 Ergo
319 2389 374 2452 hic
395 2389 489 2454 status
508 2389 600 2454 ducit
618 2409 659 2454 ex
677 2409 728 2470 eo,
744 2388 832 2474 quod
847 2388 1000 2474 scriptum
1023 2389 1078 2468 est,
1095 2387 1141 2467 id,
1160 2388 1254 2488 quod

149 2483 154 2489 “
205 2473 367 2538 incertum
390 2475 453 2539 est:
477 2474 578 2562 quod,
603 2474 758 2562 qnoniam
785 2473 1047 2550 ratiocinatione‘
1070 2473 1251 2562 colligitur,

179 2627 183 2634 ,Ἴ
206 2560 436 2624 ratiocinativus
459 2559 590 2626 dicitnr.
636 2561 674 2622 ln
700 2559 758 2623 has
783 2571 892 2624 autern
917 2557 1023 2624 feres
1059 2558 1126 2623 cies
1147 2561 1252 2643 vonit,

205 2647 260 2710 Aa
270 2657 296 2727 ¹³,
313 2645 548 2735 qaodsemeljas
563 2643 611 2732 ιβ,
627 2644 748 2708 identat
758 2641 909 2734 saepius?
931 2645 1000 2710 Iaca
1024 2645 1206 2726 idamnata,
1223 2659 1253 2712 ιι
1290 2705 1292 2710 .

204 2731 399 2820 pracipitata
415 2733 452 2796 dr
462 2733 555 2820 saxo,
570 2730 674 2796 vittis:
696 2731 850 2819 repetitur.
893 2727 963 2811 Art,
978 2733 1060 2818 quod
1079 2731 1111 2797 ira
1133 2756 1205 2812 uno,
1222 2744 1252 2798 et

206 2817 240 2880 iu
249 2817 414 2905 pluribus?
434 2817 493 2882 Qui
508 2819 579 2882 duos
593 2839 652 2881 arao
669 2827 794 2906 tempore
808 2820 949 2903 'tyrannos
965 2815 1081 2894 oceidit,
1096 2817 1155 2881 duo
1162 2831 1251 2904 prae-

174 2903 269 2976 4mr'a
280 2903 368 2990 petit.
413 2904 482 2982 Aa,
517 2903 579 2968 uod
591 2914 670 2980 aute,
686 2913 715 2964 at
727 2899 849 2990 postea?
870 2900 984 2987 Raptor
992 2903 1144 2998 pru‘itgit,
1160 2915 1252 3012 rapta
1310 2957 1319 2970 .

208 2990 317 3078 aupstt‚
333 2991 449 3074 ravrrſsr
463 2928 516 3053 illl
527 2989 604 3076 petit
617 2987 770 3075 optionem.
814 2985 879 3066 Aa,
895 2987 975 3076 quad
987 3009 1019 3050 ta
1035 2997 1104 3067 toto,
1120 2989 1198 3052 idem
1219 2990 1254 3054 ira

203 3078 324 3161 parto?
355 3073 504 3140 Aratruru
528 3073 657 3162 occipere
679 3071 802 3160 pignori
823 3095 881 3134 aon
903 3071 983 3151 licat,
1003 3096 1149 3138 vomerem
1172 3075 1252 3138 acai-

205 3162 252 3248 pt't
264 3171 290 3226 ¹.
334 3161 399 3240 Aa,
415 3161 495 3248 quod
508 3161 540 3224 ia
562 3169 661 3246 parto,
677 3159 754 3224 idem
768 3157 800 3222 ia
817 3157 906 3221 toto?
928 3157 1035 3222 Lanos
1056 3159 1163 3224 vehare
1185 3159 1251 3225 Ta-

241 3353 259 3378 ῦ
279 3365 320 3394 om.
333 3347 364 3394 G.
430 3357 445 3384 n
462 3345 516 3394 sunt
527 3344 568 3410 ins.
578 3345 643 3394 lens.
709 3349 722 3374 ⁰
740 3343 772 3393 fic
785 3343 816 3390 id.
887 3347 900 3382 Ρ
915 3341 1014 3404 aliquod
1025 3343 1057 3393 G.
1134 3353 1146 3386 t
1166 3345 1207 3394 ille
1215 3347 1251 3396 G.

208 3417 218 3440 ‘
237 3412 364 3459 eonnetlio
377 3412 407 3460 G.
420 3410 539 3470 conjet‘tio
549 3411 614 3458 Jens.
714 3414 722 3440 ¹
742 3407 858 3472 separanti
875 3408 906 3455 G.
917 3409 983 3458 lens.
1080 3417 1089 3450 t
1107 3412 1200 3460 tati0ne
1211 3413 1252 3463 tit.

208 3484 219 3507 ¹¹
240 3477 273 3524 id.
283 3478 324 3540 ins.
336 3477 367 3524 G.
433 3483 444 3507 ¹
464 3476 559 3538 accepit
570 3475 601 3522 G.

206 3639 236 3692 fit
256 3640 334 3710 patris
355 3637 392 3690 sui
412 3648 543 3709 patronus,
565 3647 591 3690 et
614 3633 704 3689 mantio
754 3636 785 3688 de
796 3652 850 3706 qua
866 3635 998 3706 quaeritur,
1009 3653 1054 3708 par
1072 3636 1105 3688 est
1123 3639 1187 3691 ratio
1199 3639 1250 3696 dac.

204 3711 361 3777 injetliouem
388 3709 413 3760 in
443 3707 515 3760 illum
540 3706 701 3760 nanciscitur.
754 3707 806 3780 Qi
837 3705 983 3776 syllogismo
1019 3705 1062 3758 tali
1093 3708 1183 3771 utitur,
1210 3710 1264 3764 ille.

205 3780 283 3834 Alter
294 3781 373 3848 igitur
385 3780 463 3848 patris
478 3778 534 3846 jure
546 3794 618 3850 agere
629 3776 684 3830 vult
694 3798 701 3828 t
754 3779 873 3846 scriptum
885 3773 1005 3838 defendit,
1016 3775 1055 3828 sed
1067 3775 1122 3828 vult
1133 3789 1253 3848 practerea

205 3850 266 3904 alter
277 3851 386 3920 patroni.
565 3851 567 3854 ’
754 3846 849 3915 aliquid
862 3845 925 3906 fieri,
936 3847 1003 3914 quod
1015 3846 1133 3917 scriptum
1145 3849 1250 3904 totidem

243 3920 322 3979 VIII,
338 3939 362 3970 1.
386 3915 474 3990 Syllogi
482 3917 549 3982 mus]
574 3915 703 3970 Nimirum
753 3918 835 3969 verbis
848 3915 950 3967 nonest.

206 3990 342 4053 κατ’ἰξοχὴν
358 3989 425 4058 Syllo
446 3991 521 4040 imus
532 4000 645 4049 vocatur,
659 3987 704 4038 ubi
792 4006 817 4038 r.
844 4003 897 4037 cum
909 3981 1022 4056 finitione
1038 3985 1184 4054 conjundit'o]
1209 3987 1251 4042 u·-

208 4076 238 4108 ex
249 4057 408 4110 similitudine
416 4005 477 4110 dui
489 4071 703 4124 argumentamur,
754 4054 813 4108 nitio
832 4057 897 4108 enirn
917 4053 1030 4116 ostendit,
1050 4053 1147 4124 aliquid
1169 4059 1254 4112 verbis

208 4125 287 4196 Iegem
311 4129 342 4179 ad
367 4127 431 4180 illud
471 4129 584 4178 extincte.
621 4127 705 4192 Major
757 4126 819 4194 legis
837 4125 975 4176 contineri:
997 4121 1157 4196 &Magistrum
1174 4128 1252 4182 confi.

208 4196 301 4266 semper
320 4198 375 4250 haec
396 4197 438 4258 est,
453 4147 499 4248 dai
514 4205 567 4266 par
581 4195 612 4266 ιβ
629 4195 705 4258 ratio,
756 4195 790 4248 lio
802 4195 947 4265 legissatoris
959 4205 983 4246 et
995 4195 1123 4246 sententia.

105 4279 109 4286 ·
208 4265 244 4317 ibi
256 4275 309 4336 par
326 4267 358 4338 ιβ
378 4267 438 4333 Iagis
457 4265 579 4338 dispofitio.
611 4267 707 4320 Deinde
792 4282 820 4328 4.
841 4265 927 4317 Lanos
944 4262 1038 4316 vehere
1056 4261 1177 4332 Tarento)
1197 4266 1252 4323 Ubi

210 4335 349 4400 assumitur,
367 4336 454 4407 Atqui
472 4338 541 4390 talus
559 4333 596 4390 uel
610 4335 706 4406 speciei,
756 4334 940 4407 pretiosdlrmae,
951 4346 976 4389 ct
987 4333 1124 4390 textrinum
1134 4334 1229 4392 nobile.
