2938 4910
247 365 309 444 ³⁵⁶
501 331 546 426 n.
569 365 692 427 rann
713 364 1053 428 ourncmnmnu

294 525 392 606 ntius,
416 549 489 594 cum
513 529 578 594 ad'
603 528 880 616 amplificationem
904 530 1094 608 venerimus,
1111 527 1272 594 dicemus.

270 612 384 676 nterim
400 613 517 678 notalle
529 627 701 679 contentus
721 615 802 692 sum,
817 637 881 680 non
901 615 935 679 id
947 614 1046 680 solum
1064 635 1083 678 a
1124 637 1157 679 rc
1176 613 1273 700 affeq·

250 707 315 774 tus,
345 711 395 777 ut,
422 721 493 785 quae
519 701 601 778 sunt,
627 699 827 765 ostendantur
851 703 962 766 acerba
984 723 1022 764 ac
1045 700 1080 764 lu
1114 699 1201 779 uosa,
1223 697 1275 762 sed

251 783 348 846 edam
365 797 411 861 ut,
427 807 500 870 quae
520 785 683 849 toleranda
701 785 811 850 haberi
833 785 946 864 solent,
962 784 1071 874 gravia
1083 783 1272 848 videantur:

251 880 300 946 ut,
315 889 390 932 curn
408 868 439 931 in
455 869 538 932 male
552 870 640 934 dicio
654 869 725 956 plus
740 870 877 958 injuriae,
891 893 987 958 quam
1003 871 1035 934 in
1051 891 1160 946 manu,
1175 869 1207 932 in
1221 867 1272 932 in·

251 951 349 1024 famia
363 951 434 1038 plus
458 975 560 1040 poenae
574 953 722 1032 dicimus,
737 977 832 1042 quam
858 955 890 1021 in
917 967 1031 1019 morte.
1075 955 1226 1040 Namque
1240 953 1272 1016 in
1290 965 1335 1028 24

252 1035 316 1100 hoc
330 1038 523 1124 eloquentiae
538 1040 585 1104 vis
599 1040 653 1120 est,
668 1052 705 1104 ut
718 1038 863 1126 judicem
881 1063 946 1104 non
960 1040 1002 1104 ad
1023 1039 1056 1104 id
1071 1051 1195 1102 tantum
1211 1038 1272 1102 im-

252 1122 353 1208 pellat
364 1135 390 1202 ³,
406 1123 438 1187 in
450 1123 537 1210 quod
552 1124 615 1210 ipse
630 1145 649 1188 a
662 1124 707 1188 rei
729 1138 841 1188 natura
860 1125 1047 1190 duceretur:
1070 1123 1203 1201 sedant,
1218 1122 1275 1210 qui

252 1227 318 1270 non
333 1208 386 1287 est,
400 1221 456 1272 aut
469 1207 632 1294 majorem,
649 1231 744 1296 quam
757 1212 813 1286 est,
827 1208 920 1274 faciat
934 1209 1094 1274 affectum.
1137 1211 1219 1272 Hoec
1232 1207 1274 1272 eli

229 1297 240 1319 '
253 1289 319 1367 illa,
332 1315 402 1378 quae
418 1293 537 1364 δείνωσις
553 1307 693 1373 vocatur,
709 1295 804 1358 rebus
816 1295 970 1382 indignis,
982 1293 1107 1444 alqeris,
1118 1291 1275 1356 invidiolis

253 1377 373 1441 addens
395 1379 459 1442 vim
482 1379 604 1442 oratio:
659 1401 699 1442 ua
720 1379 837 1444 virtute
860 1393 975 1480 practer
995 1379 1074 1442 aios
1099 1378 1272 1464 plurimum

252 1461 483 1528 Demosthenes
497 1463 608 1528 valuit.
635 1403 739 1529 lauod
757 1464 777 1528 fi
793 1465 908 1529 tradita
921 1461 1002 1527 mihi
1017 1463 1104 1552 sequi
1120 1475 1275 1549 praecepta
1289 1469 1331 1540 25

189 1608 191 1612 ,
253 1547 418 1634 sufficeret,
434 1548 656 1613 satisfeceram
675 1548 751 1612 huic
766 1549 859 1634 parti,
876 1548 957 1612 nihil
970 1569 1092 1626 eorum,
1108 1569 1181 1634 quae
1195 1547 1274 1648 legi,

254 1633 303 1695 sel
319 1631 429 1712 didici,
445 1631 531 1720 quod
545 1634 642 1697 modo
657 1633 819 1718 probabile
834 1633 906 1712 fnit,
916 1633 1111 1697 omittendo:
1128 1632 1180 1696 l'ed
1196 1631 1275 1696 mrhi

253 1717 404 1781 inanimo
419 1721 472 1797 est,
485 1739 557 1804 quae
571 1718 671 1782 latent
681 1719 820 1804 penitus,
831 1720 893 1805 ipsa
902 1717 998 1805 hujus
1013 1717 1078 1782 loci
1089 1717 1210 1816 aperire
1219 1737 1275 1802 pe·
1352 1737 1353 1744 ¹

252 1801 387 1866 netralia
393 1827 403 1882 3
414 1825 486 1888 quae
495 1803 624 1889 quidem
637 1825 700 1867 non
711 1803 821 1888 aliquo
832 1803 990 1881 tradente,
1001 1802 1053 1866 scd
1062 1813 1277 1902 expenmento

254 1909 339 1966 meo,
359 1909 396 1952 ac
411 1903 522 1952 natura
542 1887 605 1974 ipsa
624 1888 719 1967 duce,
739 1889 861 1975 accepi.
904 1889 1037 1952 Summa
1059 1909 1143 1951 emm
1163 1891 1275 1973 (quan-
1291 1881 1334 1948 26

255 1987 324 2037 tum
348 1993 411 2060 ego
432 1973 560 2059 quidem
577 1972 686 2054 sentio)
704 1973 787 2037 circa
809 1972 983 2038 movendos
1009 1971 1140 2036 affed'tus
1162 1972 1193 2034 in
1216 1971 1277 2036 hoc

255 2059 354 2156 posita
367 2060 419 2136 est,
432 2071 470 2122 ut
483 2068 691 2122 moneamur¹
707 2058 772 2142 ipfi.
817 2059 902 2122 Nam
919 2071 953 2121 et
973 2057 1092 2136 luctus,
1108 2071 1143 2122 et
1163 2056 1228 2136 irae,
1244 2071 1278 2120 et

255 2141 484 2229 indignationis
498 2141 669 2228 aliquando
689 2143 825 2208 ridicula
846 2141 965 2206 fuerit⁸
979 2141 1129 2220 imitatio,
1145 2141 1165 2204 fi
1185 2141 1279 2206 verba

252 2228 446 2312 -vultumquc
460 2239 598 2306 tantum,
615 2249 678 2290 non
698 2227 795 2290 etiarn
817 2227 971 2306 animum,
988 2225 1277 2291 accommodaveri-

255 2335 339 2376 mus.
385 2311 474 2376 Quid
486 2311 573 2374 enim
586 2310 674 2375 alind
689 2311 732 2374 ell
745 2311 867 2390 caullae,
882 2324 920 2376 ut
933 2311 968 2376 lu
992 2329 1092 2389 entes,
1114 2311 1225 2398 utique
1243 2311 1276 2374 in

255 2396 375 2461 recenti
398 2397 520 2476 dolore,
535 2396 726 2460 disertiffime
741 2397 886 2482 quaedam
910 2335 1084 2461 excffimme
1101 2395 1276 2476 videantur,

254 2491 289 2548 'et
311 2483 356 2546 ira
377 2503 630 2567 nonnumquam,
653 2481 685 2544 in
703 2483 716 2520 '³
732 2481 891 2545 indoctisc
906 2503 1046 2568 quoque,
1061 2481 1277 2567 eloquentiam

255 2567 363 2646 faciat,
401 2589 473 2630 uam
490 2567 577 2666 quod
592 2566 654 2630 illis
664 2566 742 2630 inest
754 2567 801 2630 vis
815 2565 943 2643 mentis,
957 2581 990 2630 et
1003 2567 1117 2630 veritas
1130 2567 1193 2650 ipl'a
1206 2587 1276 2630 mo·

254 2655 349 2718 rum?
409 2673 482 2716 nare
498 2673 530 2714 m
545 2651 596 2728 iis,
620 2673 694 2736 quae
716 2650 893 2715 verifimilia
911 2649 973 2714 elle
992 2650 1170 2729 volemusl,
1186 2652 1277 2716 fimus
1292 2659 1332 2728 27

256 2738 309 2824 ipfi
326 2736 440 2800 similes
455 2757 577 2814 eorum,
593 2735 648 2822 qui
664 2755 735 2799 vere
749 2735 924 2822 patiuntur,
938 2735 1122 2800 affetiibus:
1146 2749 1178 2798 et
1192 2735 1279 2802 atali

257 2845 363 2887 ammo
384 2820 595 2906 proficiscatur
615 2821 728 2898 oratio,
745 2820 870 2906 qualem
895 2818 996 2884 facere
1030 2820 1155 2884 udicem
1181 2820 1279 2885 volet.

257 2913 310 2974 An
327 2908 382 2975 ille
398 2905 532 2996 dolebit,
547 2905 604 2992 qui
625 2903 734 2968 audiet
747 2927 811 2984 me,
826 2904 889 2968 hoc
912 2927 987 2968 cum
1007 2843 1125 2984 dicam,
1142 2927 1204 2968 non
1220 2905 1279 2969 do-

289 3079 421 3140 veamins.
433 3077 537 3126 salens.
604 3075 807 3139 ‘compellatiid
872 3075 1058 3124 amoremne.
1120 3075 1201 3124 “sunt
1211 3085 1238 3124 ut
1248 3076 1280 3124 G.

259 3144 269 3176 ¹³
284 3162 329 3192 orn.
343 3145 373 3190 G.
383 3144 446 3190 lens.
512 3150 521 3171 ⁶
542 3141 650 3191 indoctus
664 3143 697 3190 G.
762 3143 773 3173 ά
792 3141 904 3190 volumus
919 3141 983 3190 lens.

294 3311 337 3356 23.
356 3291 392 3342 ad
405 3289 627 3360 amplificationem]
640 3290 678 3341 De
694 3307 745 3358 qua
793 3289 848 3341 Non
856 3287 988 3340 mehercule
995 3305 1109 3358 umquam
1117 3289 1185 3356 opud
1185 3285 1282 3356 judices

260 3369 285 3422 8,
299 3381 325 3424 4.
364 3381 367 3386 ·
795 3369 840 3409 aut
851 3358 962 3418 dolorem,
975 3367 1020 3408 aut
1028 3356 1224 3428 miscricordiam,
1236 3371 1282 3412 aut

254 3459 258 3466 ·
295 3451 309 3483 2
313 3449 336 3496 ς.
356 3427 490 3497 nonaliqao
505 3427 629 3491 crudatus]
639 3427 747 3493 Nauta—
792 3426 977 3488 invidiamaur
987 3425 1281 3482 odiumexciraredicendo

258 3520 330 3555 cruere
353 3512 434 3550 tamen
456 3499 673 3566 hocspraeceptum
691 3514 744 3548 ma·
792 3493 1021 3565 volui,quinipsein
1031 3495 1207 3547 commovendis
1208 3497 1280 3562 judi·

242 3573 328 3640 ·gillri
345 3570 444 3637 optimi.
474 3565 584 3617 Sufficiat
601 3566 640 3616 hic
658 3565 695 3616 vel
709 3567 744 3617 so-
793 3564 868 3626 cibus,
885 3563 978 3632 iisipfis
1000 3563 1098 3632 ensibus,
1114 3564 1152 3614 ad
1160 3582 1217 3634 quos
1229 3563 1282 3618 illos

252 3641 299 3694 lus
319 3639 435 3702 Tullius,
456 3637 501 3705 qui
518 3653 544 3686 v.
566 3652 595 3704 g.
617 3636 647 3686 de
671 3637 746 3688 Orat.
793 3633 978 3686 adducerem!
998 3651 1032 3696 m,
1048 3642 1211 3702 permoverer
1229 3635 1279 3686 &c

260 3731 287 3773 a,
304 3727 351 3775 45.
381 3707 463 3784 Neque
475 3703 537 3772 ficri
550 3704 633 3771 potest,
653 3706 746 3772 inquit,
794 3704 919 3756 Caeterum
931 3703 961 3753 ad
973 3702 1037 3754 hunc
1050 3701 1130 3822 iqfnn
1142 3701 1224 3754 locum
1236 3703 1282 3756 Ci-

259 3791 287 3832 ut
309 3778 389 3830 doleat
416 3794 447 3836 ss,
472 3775 513 3843 qui
538 3772 617 3832 audit,
642 3783 670 3824 ut
692 3775 745 3824 ode-
794 3773 888 3824 cetonis
903 3773 1009 3824 Fabium
1025 3789 1057 3822 no
1084 3789 1142 3830 um,
1153 3773 1220 3840 quod
1237 3789 1281 3824 no-

259 3849 303 3909 rit,
318 3843 479 3903 utinvr'dean
496 3852 523 3908 ut
552 3841 746 3908 ¹rrimrscatali-
793 3839 1114 3960 lim‚insolenterfloriatum
1126 3842 1282 3910 arguitStre-

215 3973 218 3978 ,
258 3919 326 3987 quid,
345 3914 428 3964 atad
437 3911 525 3982 fletum
546 3909 744 3980 miscricordiam·
794 3911 874 3961 basus.
887 3911 953 3962 Nam
964 3909 980 3960 il
990 3909 1024 3960 ud
1035 3923 1099 3960 certe
1108 3909 1139 3960 de
1150 3907 1282 3978 concipien-

260 4005 304 4057 que
322 3984 470 4040 deducatur,
489 3981 533 4048 nist
542 3997 621 4030 ontnes
630 3979 744 4042 limatur,
792 3977 830 4030 dis
843 3976 989 4048 imaginibus
1000 3995 1048 4029 non
1066 3979 1101 4030 ita
1114 3977 1202 4030 diserte
1214 3977 1281 4048 apud

275 4073 316 4107 uas
326 4062 410 4106 orator
420 4050 535 4102 adhibere
546 4049 613 4100 volet
618 4048 708 4116 judici,
720 4049 746 4100 in
793 4047 912 4100 Tullium
923 4046 961 4099 vel
967 4047 1120 4100 vetustiorem
1130 4065 1282 4116 quemquam

260 4128 306 4194 apso
315 4131 411 4175 oratore
421 4119 523 4190 impreffi
531 4118 574 4188 effe
588 4128 661 4188 atque
676 4117 747 4186 inusti
794 4117 928 4186 exprellum
940 4115 1045 4187 legitur:
1057 4117 1114 4170 licet
1122 4133 1158 4169 res
1166 4115 1283 4187 ipsalatis

250 4192 422 4250 cidamum.
457 4193 529 4246 Dicit
540 4189 627 4241 deinde
638 4187 746 4249 Clasius,
795 4185 823 4239 fit
836 4187 955 4240 indicata.
