3022 4920
411 425 582 488 rusrrr.
606 418 817 488 oneror,
839 429 922 488 nin.
943 427 1050 506 11:17.

1173 473 1176 482 ·
1193 445 1249 514 ‚¹33

206 595 280 648 ante
296 597 392 673 quan'r
407 587 478 654 haec
493 613 542 655 ars
558 589 654 655 eliet:
679 604 712 655 et
734 591 853 654 febrem
870 592 979 677 quiete
995 606 1028 657 et
1043 591 1242 674 abstinentia,

138 695 142 712 ·
208 691 271 733 uon
287 673 362 757 quia
376 675 531 740 rationem
548 676 687 756 videbat,
704 677 753 740 led
770 679 846 764 quia
859 679 891 741 id
917 679 1066 742 valetudo
1087 680 1150 767 ipse
1165 703 1240 744 coe-

154 763 197 840 19
205 770 309 839 gerat,
326 760 499 846 mitigavit.
544 764 616 826 Nec
628 764 757 850 fabrica
781 765 817 826 lit
839 786 912 826 ars:
936 765 1019 827 casas
1043 765 1128 829 enim
1169 767 1243 830 rimi

204 839 253 903 illi
279 843 341 908 fine
364 860 430 909 arte
452 846 619 911 fecerunt:
644 871 703 912 nec
725 851 838 934 mirsion:
870 869 881 904 ι
905 862 1032 912 antatur
1054 872 1091 912 ac
1114 852 1133 913 i
1159 863 1244 915 tatur

203 946 262 1010 per
289 950 400 994 omnes
423 946 538 1017 gentes
562 933 670 1020 aliquo
694 935 804 998 mode.
850 937 911 1015 lta,
936 934 956 996 fi
979 935 1119 998 rhetorice
1138 937 1242 1000 vocari

204 1010 302 1076 debet
317 1015 417 1079 sermo
433 1019 651 1104 quicumque:
675 1019 763 1082 luill'e
785 1041 868 1099 eam,
889 1033 1061 1106 antequam
1084 1021 1158 1085 ellet
1181 1043 1241 1101 ars,

153 1107 189 1150 11
204 1099 391 1164 confitebor.
437 1103 471 1166 Si
495 1126 569 1168 vero
590 1127 654 1167 non
676 1105 817 1192 quisquis
839 1106 994 1192 loquitur,
1011 1119 1115 1169 orator
1136 1107 1191 1184 est,
1209 1121 1243 1171 et

203 1193 274 1247 turn
292 1207 358 1250 non
373 1201 535 1274 tamquam
550 1205 688 1254 oratores
703 1191 937 1276 loquebantur:
961 1191 1082 1256 neceffe
1103 1193 1146 1254 est
1166 1213 1239 1256 ora·

203 1279 308 1333 torem
323 1270 442 1336 sedtum
458 1286 535 1352 arte,
552 1297 613 1357 nec¹
627 1289 701 1339 ante
722 1290 822 1340 artem
844 1275 933 1341 suiffe
948 1275 1116 1340 fateantur.
1162 1279 1239 1342 Quo

203 1350 284 1417 illud
308 1379 436 1503 quoque
457 1359 651 1438 excluditur,
674 1361 760 1448 quod
782 1362 905 1441 dicunt,
929 1385 994 1426 non
1016 1361 1075 1426 elle
1097 1361 1171 1425 artis
1193 1363 1238 1442 id,

204 1439 292 1523 quod
325 1442 418 1521 aciat,
435 1445 569 1531 quinon
592 1445 759 1524 didicerit3
783 1446 889 1510 dicere
910 1461 1017 1514 autern
1042 1447 1190 1510 homines
1205 1461 1239 1511 et

150 1533 189 1583 12
203 1524 344 1608 quinon
364 1527 555 1594 didicerunt.
599 1531 653 1594 Ad
675 1531 767 1618 cujus
790 1532 835 1596 rei
860 1533 1134 1598 confirmationem
1159 1532 1237 1596 affe-

202 1623 290 1689 runt,
310 1613 487 1678 Demadem
511 1616 667 1703 remigem
682 1632 715 1680 et
729 1617 951 1682 AEschinemh
976 1619 1143 1704 pocriteng
1164 1639 1237 1680 ora-

192 1705 287 1768 tores
303 1697 402 1762 fuiffe.
448 1700 554 1765 Falso:
579 1724 652 1764 nam
669 1725 774 1788 neque
793 1715 932 1768 oratore
956 1726 985 1783 e,
1001 1703 1135 1790 quinon
1151 1701 1236 1766 didi·
1302 1727 1305 1734 ·

133 1829 142 1856 .,
202 1779 259 1857 cit,
275 1786 391 1868 potest:
426 1786 533 1850 ethos
549 1787 615 1850 sero
638 1791 757 1874 potius,
773 1810 871 1874 quam
894 1811 1069 1874 numquam
1096 1787 1238 1852 didicisse

203 1866 275 1950 quis
295 1869 432 1934 dixerit:
457 1895 651 1958 quamquam
674 1873 841 1938 AEl'chines
863 1874 904 1936 ab
927 1873 1019 1937 initio
1041 1874 1077 1936 fit
1098 1873 1236 1936 versatus

201 1949 235 2012 in
251 1951 364 2032 literis,
379 1979 458 2042 quas
472 1973 561 2043 pater
574 1959 643 2044 ejus
656 1957 751 2024 etiam
767 1959 920 2037 docebat3
936 1958 1116 2024 Demadem
1133 1981 1237 2042 neque

200 2056 265 2100 non
291 2040 430 2105 didicille
453 2059 575 2110 certum
603 2045 649 2123 fit,
666 2059 699 2108 et
720 2044 873 2108 continua
897 2044 1023 2110 dicendi
1050 2043 1237 2107 exercitatio

200 2125 340 2205 potuerit
374 2141 511 2207 tanturn,
543 2131 820 2217 quantuscumque
847 2131 972 2216 posteah
1002 2129 1076 2208 fuit,
1106 2127 1233 2193 fecisse:

147 2221 185 2288 13
201 2229 273 2272 nam
290 2211 323 2274 id
340 2214 585 2297 potentillinrum
602 2215 762 2300 discendi
777 2237 881 2303 genus
896 2215 950 2280 est.
997 2213 1061 2278 Sed
1076 2215 1128 2280 et¹
1151 2236 1233 2300 prae-

200 2293 392 2378 stantiorem,
409 2299 428 2361 fi
444 2300 611 2377 didicisset,
625 2300 769 2364 futurum
785 2300 875 2364 fuisse
887 2301 992 2365 dicere
1006 2300 1084 2364 licet
1095 2313 1126 2362 ¹²¹.
1164 2301 1234 2362 Ne-

128 2443 132 2451 ,
186 2399 262 2464 ¹que
278 2383 362 2445 enim
376 2385 533 2450 orationes
549 2387 682 2458 seribere
698 2388 739 2450 est
753 2387 857 2464 ausus,
874 2399 911 2450 ut
929 2409 1004 2452 eum
1020 2387 1159 2450 multum
1176 2408 1232 2452 va·

79 2467 87 2474 “
146 2476 187 2540 14
199 2461 308 2530 luillen
324 2469 356 2530 in
372 2470 508 2534 dicendo
525 2472 668 2537 sciamus.
713 2471 911 2552 Aristoteles,
925 2485 963 2536 ut
977 2471 1068 2550 solet,
1085 2492 1232 2557 quaeren-

198 2549 231 2611 di
245 2552 359 2638 gratia,
376 2557 522 2642 quaedam
541 2557 723 2621 subtilitatis
741 2557 803 2620 suae
825 2570 1015 2645 argumenta
1035 2555 1233 2642 excogitavit

197 2631 231 2699 in
247 2638 362 2728 Gryllo
375 2653 387 2678 ⁰
403 2667 410 2708 :
434 2641 587 2708 sedidem
602 2655 635 2706 et
650 2645 685 2706 de
701 2655 765 2710 arte
779 2643 923 2712 rhetorica
941 2656 1005 2710 tres
1020 2641 1120 2709 libros
1134 2639 1230 2727 scrip-

229 2816 242 2856 t
259 2809 406 2872 Hyperidem
419 2811 449 2858 G.
466 2812 640 2874 Hippocratem
651 2813 714 2861 Jens.
725 2812 817 2860 ridicule
828 2823 927 2877 uterque.
980 2813 992 2844 ¹¹
1011 2827 1084 2878 poena
1094 2813 1130 2860 lic
1141 2824 1162 2858 er
1172 2811 1231 2858 alias

197 2875 226 2920 G.
241 2892 269 2920 ex
279 2877 398 2938 compendio
405 2887 468 2937 poen.
534 2886 539 2906 ⁸
559 2879 654 2924 dicendi
666 2878 697 2924 G.

357 2953 368 2977 ἢ
386 2941 507 2989 invaluill'e
518 2942 620 2989 dicendo
631 2945 662 2990 G.
676 2943 710 2991 Vn

194 2940 259 2986 lens.

196 3004 352 3067 GryrloJens.

117 3157 121 3160 -
196 3135 251 3170 mus
272 3117 366 3172 summa
386 3117 429 3172 illa
447 3119 557 3188 praesidia
578 3121 686 3174 medico-

194 3205 267 3240 rum:
298 3205 366 3240 venae
390 3189 517 3242 lectionem
539 3191 686 3260 hippopota-

195 3257 412 3320 marmonium,
422 3258 489 3310 Plin.
505 3264 529 3320 8,
543 3265 586 3310 26.
600 3260 618 3311 s.
633 3279 683 3322 40:

194 3329 329 3382 vomitione
350 3346 431 3389 canes,
453 3327 550 3399 clystere
568 3330 620 3382 ibes
633 3333 686 3385 AE·

194 3397 290 3466 gyptiae
302 3399 372 3467 prius
385 3415 460 3470 qnam
470 3399 544 3450 homo
556 3399 613 3460 usae,
628 3402 684 3451 Cic.

194 3467 226 3518 de
238 3469 298 3518 Nat.
312 3467 390 3519 Deor.
406 3487 431 3528 2,
446 3487 487 3534 50.
510 3470 553 3522 nbi
567 3469 667 3538 pluresi

193 3553 272 3606 genus
284 3538 417 3592 medicinas
430 3553 622 3590 commemorat:
643 3557 684 3592 co·

192 3605 335 3676 piosrllimus
347 3607 379 3660 est
389 3607 485 3664 Plnius
499 3613 524 3670 8,
538 3628 580 3672 27.

232 3696 273 3730 12.
303 3677 625 3750 Dernadem-AEschincm]
644 3679 684 3730 De
732 3672 749 3723 P

193 3745 236 3798 illo
249 3747 336 3799 Sextus
348 3749 445 3816 Empir.
456 3749 512 3800 adv.
527 3749 683 3800 Grammati-

192 3835 235 3870 cos
245 3835 270 3878 2,
283 3819 324 3868 16.
340 3820 383 3869 ubi
395 3835 451 3886 qnae
459 3818 501 3869 alii
509 3817 681 3870 omnialaudat

191 3885 274 3934 iwdrv
293 3888 424 3940 Fabricius
443 3907 470 3957 p.
494 3907 553 3954 29¹·
578 3888 682 3942 AEl'clri-

191 3969 247 4006 nent
264 3955 347 4026 paffim
366 3957 412 4009 boc
431 3959 538 4017 nomine,
550 3959 618 4026 qnod
636 3958 681 4030 hy-

189 4023 309 4092 pocrites,
325 4027 351 4078 h.
365 4047 387 4096 e.
401 4027 469 4078 anor
489 4025 573 4087 inerit,
587 4028 682 4080 mordet

190 4093 300 4148 oratione
318 4114 363 4166 pro
382 4099 481 4148 Corona
499 4097 681 4157 Demosthenes,

191 4163 236 4214 ubi
254 4166 401 4229 incipiebas
421 4165 491 4222 illum
510 4166 553 4226 all,
573 4169 681 4230 αὐτοτρα-

185 4233 354 4308 ’γικόνιωίθηκον
371 4247 443 4288 vocat
456 4236 488 4305 (l'.
502 4238 559 4304 71.)
583 4237 681 4306 Aperte
718 4258 725 4275 ·

770 2878 969 2942 ¹sinucius.
1067 2886 1089 2916 m
1106 2877 1229 2925 licentio

711 2941 727 2988 l.
739 2941 770 2988 ad
781 2957 803 3002 2,
820 2945 857 3001 16,
873 2957 908 3005 14.
920 2943 984 3006 nas.
1081 2942 1094 2970 ⁰
1112 2943 1186 3006 Gyrlo
1197 2943 1230 2989 G.

736 3131 819 3173 autem
832 3121 849 3174 s.
863 3140 909 3186 40.
922 3134 946 3174 et
964 3121 1000 3192 sq.
1014 3121 1136 3192 imprimis
1149 3119 1166 3172 s.
1181 3139 1226 3188 79.

735 3207 811 3258 quem
828 3192 910 3242 locum
931 3193 1087 3244 Camerarius
1100 3193 1151 3258 jam
1173 3190 1226 3242 lau·
1317 3193 1320 3197 ’

734 3261 814 3322 davit,
827 3265 881 3314 παῖς
898 3262 940 3324 μὲν
949 3263 975 3307 rir
984 3262 1046 3324 μιτὲ
1056 3266 1142 3314 πολλῆς
1151 3261 1229 3314 'stiriae

734 3328 836 3393 ἑτςᾶφης,
853 3326 903 3390 ἅμα
921 3327 954 3390 τῷ
969 3329 1043 3393 πατρὶ
1061 3328 1114 3393 wpie
1133 3328 1158 3376 ri
1169 3329 1226 3374 dria·

735 3401 830 3454 σκαλιέῳ
840 3395 986 3457 προσιδρεύων.
999 3396 1025 3440 ‘ri
1034 3393 1106 3456 μέλων
1115 3392 1198 3457 ephr,
1209 3395 1226 3458 5

735 3458 766 3506 ‘rei
777 3459 850 3521 caepe
861 3458 976 3519 σπογΓιζων
995 3459 1012 3539 5
1029 3457 1054 3506 vi
1067 3460 1226 3518 παιδαγωγεῖον

733 3530 794 3586 κυρῶν
821 3523 893 3568 cirtica
912 3524 973 3583 ταξιν
993 3540 1020 3568 tot
1036 3521 1225 3584 ἶλιυθερυωαιδός
1298 3577 1300 3585 Α

732 3587 788 3651 ἔχων
808 3587 856 3642 διε.
884 3598 962 3640 totam
985 3589 1050 3640 enim
1073 3589 1152 3640 vitam
1175 3587 1223 3639 viri

750 3655 881 3724 restringit.

771 3741 812 3788 13.
831 3725 1034 3799 prestantiorem,
1050 3722 1075 3794 fi
1094 3722 1220 3792 didinfft]

733 3793 790 3844 Cic.
802 3813 846 3864 pro
856 3798 952 3847 Archia
964 3814 987 3848 c.
1000 3815 1025 3858 7.
1040 3797 1099 3844 Cum
1108 3795 1144 3844 nd
1151 3806 1223 3844 :cirtu-

730 3879 786 3912 ram
795 3863 913 3918 eximiam
921 3874 994 3934 atque
1004 3863 1116 3933 illustrem
1126 3864 1220 3932 acccſje-

729 3930 834 3984 ritratio
841 3934 950 4002 ᾳιιαάανη
958 3932 1159 4004 conformatioque
1166 3933 1221 3982 doc·

729 4001 812 4063 trine,
823 4014 874 4054 tum
885 4002 984 4058 illudne
994 4004 1028 4055 cio
1038 4001 1098 4071 quid
1113 4001 1220 4071 praecla·

729 4088 785 4124 rum
796 4071 958 4140 acſsngulare
976 4072 1039 4124 olere
1048 4071 1159 4141 existen.

768 4159 810 4204 14.
836 4142 862 4194 in
882 4142 979 4211 Gryllo]
1006 4142 1130 4194 Laudavit
1154 4141 1219 4194 Bur·

730 4213 928 4262 mannusLaert.
941 4230 967 4272 a,
978 4229 1020 4277 54.
1034 4211 1102 4262 :tibi
1112 4211 1217 4278 Menag.

731 4279 804 4332 Add.
817 4280 928 4351 Epillola
937 4282 986 4336 viri
996 4279 1092 4336 dottist.
1105 4299 1131 4350 p.
1147 4285 1190 4346 78.

745 4367 801 4434 ¹3
