3022 4920
424 379 596 450 I'Nsrt‘r.
606 382 837 450 ORATOR.
851 386 935 451 LIB.
954 389 979 450 1.
990 445 993 458 .
1005 401 1034 468 7.
1206 393 1249 473 37

154 569 200 638 19
214 549 258 616 de
275 550 371 640 pistas
384 549 481 640 vassis,
498 565 526 617 ct
541 553 637 631 aulai,
649 553 811 641 Virgilius
826 551 1052 618 amantislimus
1073 554 1250 636 vetustatis,

214 638 412 704 carminibus
427 639 569 704 inseruit·
613 642 650 703 In
665 639 776 704 iisdem
801 638 914 724 plurali
936 660 1070 704 numero
1084 667 1100 704 e
1114 643 1250 706 uteban-

214 735 281 802 tur,
297 724 329 786 hi
352 723 457 810 Syllae,
485 725 607 790 Galbae.
652 725 705 789 Est
727 726 760 788 in
786 724 846 788 hac
868 747 996 811 quoque
1010 737 1098 810 parte
1120 725 1252 792 Lucillii

215 821 434 895 praceptum:
467 811 568 894 quod,
592 809 669 897 quia
691 809 835 896 pluribus
858 811 1033 894 explicatur
1055 811 1205 890 versibus,
1229 813 1252 876 ti

157 911 204 960 20
217 895 291 981 quis
306 917 418 980 parum
433 895 553 974 credat,
569 895 654 984 apud
673 895 774 982 ipsum
793 895 827 958 in
850 917 936 960 nono
950 895 1100 982 requirat.
1139 897 1249 964 Quid?

217 981 306 1077 quod
329 977 496 1044 Ciceronis
518 981 728 1068 temporibus,
750 979 958 1066 paullumque
981 980 1073 1059 infra,
1089 981 1154 1046 scre
1191 1005 1253 1048 uo·

217 1079 279 1130 tres
284 1068 316 1152 s
317 1077 329 1104 ⁷·
343 1065 556 1148 litera-media
569 1065 727 1130 vocalium
747 1067 928 1152 longarum,
949 1067 1000 1131 vel
1018 1006 1190 1148 subjettal

218 1149 270 1238 gis
285 1150 373 1230 esset,
387 1151 636 1238 geminabatur?
661 1164 698 1214 ut
719 1154 838 1237 maffia,
855 1153 960 1237 soffia,
977 1144 1166 1237 divffcnes:
1188 1175 1255 1240 quo

219 1235 365 1300 modoet
380 1238 496 1323 ipsum,
511 1249 544 1300 et
558 1237 734 1324 Virgilium
751 1258 879 1322 quoque
894 1237 1047 1322 scripfiffe,
1063 1261 1177 1302 manus
1197 1261 1256 1303 eo-

161 1337 206 1390 21
220 1344 292 1386 rum
308 1322 438 1386 docent.
482 1322 587 1408 Atqui
600 1321 742 1408 paullum
757 1321 932 1407 superiores
946 1322 1043 1386 etiam
1058 1323 1151 1402 illud,
1166 1325 1256 1411 quod

221 1421 298 1471 nos²
311 1408 441 1494 gemina
441 1408 472 1494 s
472 1407 621 1485 dicimus,
628 1407 715 1494 jaff,
728 1429 793 1471 una
803 1407 962 1486 dixerunt,
964 1409 1039 1494 jusi.
1058 1409 1164 1472 Etiam
1177 1411 1255 1497 cpti-

219 1517 296 1570 mas,
307 1493 465 1570 munimus,
474 1507 511 1556 ut
520 1493 660 1557 mediam
667 1494 689 1570 ιζ
695 1493 832 1571 literam,
846 1513 919 1578 qnae
930 1493 1091 1556 veteribus
1093 1519 1132 1578 2⁴.
1138 1495 1256 1576 fircrat,

220 1579 412 1663 acciperent,
421 1578 461 1642 C.
473 1578 612 1662 primum
624 1577 756 1643 Caesaris
764 1577 964 1664 inscriptione
974 1578 1110 1642 traditur
1121 1579 1255 1647 fabium.

164 1680 210 1730 22
223 1663 317 1742 Here,
336 1685 422 1728 nunc
437 1689 452 1726 e
465 1664 558 1728 litera
571 1663 798 1727 terminamus:
822 1675 856 1726 at
880 1677 1024 1728 veterum
1047 1663 1257 1732 Comicorum

221 1747 329 1812 adhuc
353 1748 443 1813 libris
467 1748 607 1828 invenio,
624 1749 703 1812 Heri
724 1751 768 1812 ad
785 1774 829 1812 me
848 1750 943 1813 venit.
988 1749 1089 1814 Quod
1110 1750 1196 1814 idem
1221 1753 1256 1818 in

221 1833 361 1920 epistolis
380 1835 529 1922 Augusti,
545 1856 624 1920 quas
646 1834 700 1900 sua
720 1855 818 1897 manu
838 1833 964 1920 scripsit,
987 1847 1043 1898 aut
1063 1837 1274 1922 ernenduvit,¹

162 1934 211 2004 23
222 1917 480 2004 deprehenditur.
525 1920 640 1984 Quid?
666 1941 731 1984 non
747 1920 829 1984 Cato
845 1919 1026 1998 Censorius,
1042 1921 1140 1987 dicam
1155 1935 1183 1986 et
1191 1923 1256 2009 sa·

222 2003 310 2083 ciam,
337 2005 454 2067 dicemb
481 2018 515 2068 et
532 2005 650 2092 faciam
669 2005 807 2090 scripsit?
835 2005 1050 2092 eumdemque
1072 2007 1104 2068 in
1130 2008 1256 2088 ceteris,

222 2111 297 2188 quae
312 2089 455 2154 similiter
469 2091 600 2171 cadunt,
611 2090 747 2154 modum
761 2090 883 2154 tenuit?
901 2090 989 2177 quod
1001 2105 1086 2155 etex
1097 2093 1258 2160 veteribus

223 2195 292 2260 ejus
306 2173 395 2238 libris
411 2176 678 2254 manifestumest,
688 2190 727 2239 et
741 2199 760 2242 a
774 2175 906 2240 Messala
921 2177 954 2240 in
969 2175 1053 2240 libro
1068 2176 1111 2243 de
1128 2179 1151 2242 S
1164 2177 1259 2246 litera

167 2275 213 2339 24
224 2261 360 2346 politum
388 2260 457 2324 Sibe
479 2273 513 2324 ct
535 2263 628 2359 quast,
652 2261 802 2347 scriptum
827 2262 860 2324 in
884 2262 1058 2326 multorum
1082 2263 1174 2329 libris
1191 2266 1256 2332 ella
1317 2329 1319 2342 ,

223 2345 278 2409 sed
293 2368 333 2414 an
347 2345 410 2409 hoc
424 2347 585 2411 voluerint
598 2347 756 2426 auctores,
772 2347 877 2410 nescio
890 2372 898 2410 ι
926 2349 965 2416 T·
987 2347 1118 2416 Livium
1140 2348 1185 2414 ita
1207 2351 1259 2418 hic

223 2431 328 2510 usum,
344 2453 384 2494 cx
409 2431 547 2496 Pediano
570 2424 723 2519 comperi,
744 2433 848 2530 quiet
872 2432 936 2519 ipse
960 2455 1035 2498 eum
1050 2433 1255 2520 sequebatur:

169 2527 211 2598 25
224 2515 296 2580 haec
311 2537 368 2580 nos
384 2516 395 2579 i
413 2516 505 2580 litera
517 2505 658 2584 firiimus.
703 2517 795 2582 Quid
809 2517 914 2582 dicam
936 2519 1073 2596 vortices,
1088 2532 1121 2585 ct
1142 2522 1258 2608 vorsus,

225 2613 394 2700 ceteraque
408 2603 450 2668 ad
472 2602 622 2667 eumdem
645 2601 789 2675 modum,
804 2625 875 2688 quae
891 2603 1018 2700 primoc
1044 2603 1151 2688 Scipio
1166 2604 1258 2672 Afri-

168 2687 214 2763 26
226 2709 324 2752 canus
338 2709 371 2750 m
386 2712 402 2749 e
416 2687 541 2752 literam
555 2689 723 2754 secundam
736 2687 857 2752 vertisse
872 2689 1028 2752 dicitur‘l?
1053 2689 1160 2752 Nostri
1174 2710 1257 2776 prae.

225 2795 263 2842 ce
286 2786 371 2836 tores
385 2797 501 2837 cervom
513 2776 701 2861 sirvomque,
716 2797 738 2838 a
757 2785 790 2836 et
810 2797 825 2838 ο
848 2772 950 2838 literis
973 2773 1168 2876 scripserunt,
1183 2774 1260 2860 quia

224 2795 367 2944 sulijecta
388 2857 445 2923 fibi
469 2859 599 2938 vocalis,
614 2861 647 2922 in
676 2880 775 2922 unum
792 2857 902 2922 sonum
926 2857 1110 2938 coalescere,
1125 2871 1158 2923 ct
1179 2882 1259 2926 con·

225 2942 319 3022 sundi
345 2944 514 3031 nequiret:
549 2966 636 3010 nunc
658 2970 680 3008 u
702 2942 833 3032 gemina
853 2943 1045 3024 scribuntur,
1063 2965 1102 3008 ca
1122 2944 1258 3028 ratione,

258 3137 273 3164 ²
290 3129 415 3178 Lirerams
422 3147 463 3178 om.
475 3131 507 3179 G.
573 3129 719 3177 'omsens
799 3127 972 3180 tuccetfaee
982 3127 1089 3184 mens.
1103 3133 1259 3200 etplurerap.

227 3195 363 3252 Παλαιὰ.
428 3201 498 3243 corn.
510 3195 542 3243 G.
607 3195 735 3245 “dicirit

266 3374 308 3422 19.
322 3355 453 3424 Virgilius]
472 3354 719 3425 PitiaivesHsAEn.
806 3377 849 3410 ιι.
869 3357 933 3409 Heri
954 3359 992 3410 ad
1010 3375 1049 3412 me
1076 3359 1162 3428 venit]
1193 3361 1260 3416 Ter·

230 3444 258 3493 9,
271 3429 314 3476 26.
334 3425 487 3478 AulaiAEn.
502 3444 526 3490 3,
542 3442 601 3490 354.
621 3425 660 3476 De
671 3425 721 3478 lec·
769 3427 872 3482 Phorm.
888 3445 912 3488 1,
927 3447 952 3488 1,
965 3447 990 3480 2.

229 3495 297 3545 tione
309 3495 384 3548 altera
396 3496 487 3566 Aquas,
498 3495 563 3564 quod
574 3506 598 3546 et
610 3495 650 3546 hic
662 3495 721 3564 qui·
807 3515 850 3564 ις.
867 3495 944 3550 dicem
961 3497 1098 3567 etfaciam]
1119 3500 1159 3551 Sic
1176 3497 1261 3570 legen-

228 3563 288 3616 dam
300 3565 358 3618 libri
376 3566 477 3625 habeut,
490 3575 514 3616 et
531 3565 598 3615 AEn.
618 3583 644 3627 7,
656 3567 719 3628 464.
770 3565 841 3618 dum.
861 3565 986 3628 Adsum,
996 3567 1103 3636 faciem,
1115 3569 1172 3620 sunt
1187 3569 1262 3634 dices,
1312 3575 1315 3587 ¹

230 3635 327 3704 abipso
337 3647 410 3705 poeta
427 3634 545 3702 scriptum
561 3630 631 3686 fuisse
648 3645 720 3702 puta·
762 3636 858 3704 facies,
870 3647 894 3687 et
906 3637 996 3706 reliqui
1009 3639 1077 3689 casus
1090 3637 1169 3692 futuri
1181 3641 1262 3694 tertia

230 3714 282 3762 tur,
295 3705 389 3756 erudite
406 3704 576 3757 Burmannus.
596 3703 723 3756 Caeterum
771 3707 963 3776 conjugationis.
976 3706 1192 3777 Malal'pinaeusad
1203 3709 1262 3764 cic.

232 3788 395 3834 asnorum,
415 3788 528 3835 ιυιιιι,
549 3788 723 3840 aucusrm,
773 3776 804 3827 ad
817 3775 878 3828 Att.
890 3792 917 3838 4,
932 3794 956 3840 3.
972 3777 1184 3844 (p.115.Graev.
1199 3780 1264 3846 iutec

232 3857 413 3896 nostrarunl
441 3843 496 3894 sunt
519 3844 587 3912 apud
616 3842 722 3894 Gruter.
774 3846 936 3898 Manutianos
954 3847 1114 3914 commentt.)
1134 3847 1218 3902 decam
1236 3861 1264 3904 et

233 3927 382 3965 ccxxxvi.
414 3931 440 3979 9.
469 3922 494 3964 et
521 3913 586 3965 ibid.
620 3925 723 3965 nauso
765 3914 871 3980 faceam
893 3914 941 3984 legi
962 3913 1026 3976 vult,
1049 3911 1261 3990 probante‘vosl.

234 3995 368 4034 cusam.
773 3983 881 4038 Aristar.
897 4003 921 4045 1,
933 4003 974 4036 ιι.
989 3985 1035 4036 Sed
1046 3985 1109 4037 nibil
1121 3997 1204 4046 muto:
1222 3983 1267 4048 ne}
1283 3998 1285 4004 ’

267 4067 312 4102 ιι.
332 4051 361 4103 C.
377 4050 484 4120 primum
505 4049 621 4120 casaris]
653 4051 722 4105 Cali-
774 4071 822 4124 que
833 4055 899 4106 enirn
912 4051 949 4105 illi
961 4053 1069 4106 codicem
1079 4055 1192 4109 laudant.

269 4117 317 4170 lam
330 4120 446 4188 intelligi,
459 4121 503 4190 qui
516 4121 611 4189 primus
624 4123 723 4191 Optimi
810 4126 843 4174 26
848 4160 854 4174 .
867 4139 967 4176 cervom
969 4123 1133 4196 servamque]
1146 4125 1208 4192 vtd.
1225 4121 1267 4180 su·

232 4137 343 4245 {quim
365 4207 452 4240 nomen
471 4189 588 4250 sumsrt‚e
606 4193 723 4246 Suetonio
773 4205 819 4263 pra
830 4193 861 4246 ad
876 4211 899 4255 1,
911 4209 938 4257 4,
957 4212 1001 4245 ιι.

230 4275 257 4309 c.
271 4275 316 4311 aa.
329 4259 401 4312 dccet
413 4259 582 4312 Burmannus.

1190 1061 1252 1134 on.
1337 1109 1339 1118 ·
