3022 4920
413 404 583 469 rusrrn
610 379 815 470 oiston.
843 401 925 468 tm.
946 351 1022 470 ru
1199 409 1245 482 or
1272 392 1275 412 ³

209 565 282 638 deis
305 591 346 635 ne
373 571 624 660 praecipiendum
678 572 787 637 uidem
808 574 864 654 est)
891 579 1109 652 amoveantur,
1129 571 1149 636 fi
1173 572 1244 636 sieri

211 657 335 744 potest:
360 657 515 738 siminus,
527 673 614 722 certe
635 595 677 722 ad
701 659 823 722 firmius
843 657 948 722 aetotis
972 659 1070 723 robur
1084 659 1243 722 reserven-

170 755 277 831 7tur.
310 743 480 822 Comoediae,
502 765 575 830 quae
596 743 772 831 plurimum
797 743 941 807 conferre
963 745 1004 808 ad
1028 744 1246 828 eloquentiam

212 829 326 916 potest,
339 851 415 892 cum
440 851 495 930 per
513 851 624 893 omnes
648 841 682 893 et
744 827 848 892 rsones
870 841 904 893 et
923 827 1053 895 affettus
1068 843 1131 908 ent,
1169 849 1245 892 uem

213 915 306 983 usum
321 915 354 978 in
366 937 472 1000 pueris
486 928 609 1000 putem,
624 915 699 1000 paul
714 937 734 978 o
749 915 815 1001 post
832 915 889 1004 suo
908 913 981 978 ioco
996 915 1112 978 dicam.
1146 851 1246 979 (isam

215 1019 290 1063 oum
304 1018 410 1064 mores
429 1000 462 1064 in
487 1013 560 1064 tuto
586 999 716 1080 fuerint,
732 1000 814 1063 inter
838 998 998 1086 precipuo
1019 999 1155 1085 legendo
1171 1000 1244 1064 erin

177 1083 268 1150 8De
284 1085 456 1150 Menandro
477 1085 613 1172 loquor:
637 1107 696 1151 nec
715 1097 823 1150 tamen
840 1083 1023 1148 excluserim
1045 1085 1135 1148 alios.
1158 1085 1246 1148 Nam

216 1170 323 1234 Latini
340 1191 470 1257 quoque
491 1171 636 1235 austores
656 1168 812 1234 offerentz
833 1169 1136 1256 utilitatis'aliquid.
1182 1169 1247 1234 Sed

215 1256 334 1342 pueris,
349 1277 421 1343 quae
447 1258 585 1320 maxime
600 1257 780 1343 ingenium·
791 1255 889 1333 olant,
905 1267 1001 1341 atque
1025 1255 1168 1319 animum
1187 1275 1246 1319 au·
1263 1281 1371 1297 Μ

215 1354 327 1428 geant,
349 1341 573 1429 praelegenda:
605 1341 731 1421 ceteris,
750 1363 824 1428 quoe
844 1341 885 1404 ad
909 1339 1124 1404 eruditionem
1147 1340 1247 1404 modo

216 1426 389 1512 pertinent,
406 1427 506 1514 longa
520 1427 630 1491 aetas's
648 1427 746 1490 atium
762 1425 862 1490 debitv
907 1424 1052 1490 Multum
1067 1439 1174 1490 autem
1190 1447 1246 1490 ve·

214 1525 301 1576 teres
316 1511 411 1578 etiam
428 1513 534 1577 Lutini
548 1449 730 1590 contdrunt,
742 1531 936 1598 quemquam
951 1511 1094 1598 plerique
1108 1511 1179 1598 plus
1194 1510 1246 1581 in-

126 1658 130 1665 .
214 1598 433 1684 geni0,quam
448 1609 515 1662 erte
534 1599 722 1663 valuerunt:
746 1597 778 1660 in
794 1597 906 1684 primis
918 1617 959 1659 co
980 1595 1043 1659 iam
1066 1597 1247 1675 verborum,

218 1705 356 1771 quorum
373 1685 407 1747 in
429 1684 596 1787 tragediis
618 1683 769 1770 gravitas,
784 1681 818 1745 in
840 1617 1008 1746 comoediis
1029 1681 1199 1770 elegantia,
1212 1695 1249 1746 ot

181 1789 205 1860 9
220 1769 349 1856 quidam
365 1769 454 1832 velut
469 1769 632 1853 αττικισμὲς
646 1768 779 1832 inveniri
793 1770 903 1854 potest.
937 1765 1107 1831 Oeconomico
1118 1787 1250 1866 quoque

219 1855 253 1918 in
271 1853 321 1918 his
343 1853 541 1941 diligentior,
562 1875 659 2002 ‹puam
680 1853 719 1932 in¹
740 1852 893 1938 plerisque
918 1871 1075 1916 novorum
1096 1866 1167 1932 ent,
1190 1853 1249 1938 qui

218 1941 365 2004 omniurn
389 1961 521 2026 operum
540 1940 572 2004 so
586 1959 637 2003 om
661 1939 825 2018 virtutem,
851 1938 1020 2002 sententias
1043 1950 1248 2024 putaverunt.

220 2026 378 2090 sanutus
400 2041 496 2106 certe,
511 2037 545 2089 ct
568 2037 605 2089 ut
626 2025 666 2089 sro
690 2024 808 2104 dicam,
825 2023 957 2088 virilitas
972 2023 1012 2086 ab
1033 2023 1083 2086 his
1098 2023 1249 2109 petenda,

243 2111 349 2175 uando
364 2133 422 2176 nos
436 2111 469 2174 in
485 2109 594 2194 omnia
608 2109 794 2174 deliciarum
811 2131 928 2196 &nera
938 2121 951 2148 ²
966 2107 1117 2194 vitiaque,
1134 2109 1247 2172 dioen-

165 2213 209 2284 19
220 2133 254 2260 di
269 2219 397 2284 quoquc
413 2197 548 2276 ratione,
563 2195 754 2260 defluximus
766 2197 793 2258 b.
816 2195 965 2282 Denique
980 2193 1146 2257 credamus
1160 2195 1249 2258 sum«

222 2282 283 2346 mis
297 2282 489 2362 oratoribus,
503 2281 559 2368 qui
574 2295 718 2347 veterum
732 2293 892 2366 poemate,
904 2279 952 2346 vel
969 2279 1009 2342 nd
1020 2278 1115 2343 iidem
1130 2280 1252 2344 caussa-²

165 2385 206 2450 1¹1
222 2389 306 2448 rum,
332 2367 382 2432 vel
408 2367 450 2432 ad
475 2380 700 2431 ornamentum
725 2365 918 2453 eloquentiae
946 2364 1116 2429 assumunt.
1161 2369 1251 2432 Nam

189 2447 194 2459 ’
221 2453 381 2540 praecipue
396 2453 527 2540 quidem
542 2452 624 2539 apud
635 2451 837 2530 Ciceronem,
851 2451 1032 2538 frequenter
1047 2462 1154 2514 tamen
1167 2451 1251 2537 apud

221 2538 368 2603 Asinium
395 2538 528 2617 etiams,
550 2549 583 2602 et
609 2549 744 2616 ceteros,
791 2537 825 2601 ui
848 2537 921 2600 sunt
943 2534 1091 2622 proximi,
1111 2535 1253 2600 vidimus

222 2621 332 2704 Ennii,
347 2623 447 2704 Accii,
461 2623 602 2702 Pacuvii,
619 2622 754 2702 Lucillii,
768 2560 909 2699 incurii,
923 2621 1051 2700 cecilii,
1067 2633 1101 2684 et
1114 2621 1252 2686 aliomm

222 2694 315 2774 iusseri
339 2709 457 2790 versus,
480 2709 602 2773 summe
631 2729 695 2772 non
720 2706 908 2772 cruditionis
932 2705 1032 2770 modo
1059 2707 1173 2792 gratia,
1198 2707 1252 2770 seu

223 2795 323 2860 etiam
332 2793 566 2882 jucunditatis:
591 2815 665 2858 cum
681 2791 815 2879 poeticis
836 2792 910 2856 volu
932 2791 1051 2854 tatibus
1062 2811 1152 2854 aures
1168 2814 1187 2855 a
1201 2791 1251 2854 fo-

167 2895 210 2947 12
224 2881 301 2945 renfi
316 2881 479 2968 asperitate
499 2877 668 2966 respirent:
690 2879 807 2966 quibus
829 2813 976 2941 acceditd
1000 2898 1063 2939 non
1082 2875 1253 2949 mediocris

223 2965 357 3046 utilitas,
372 2987 447 3032 cum
467 2963 631 3030 sententiis
651 2985 774 3042 eorum,
793 2962 881 3026 velut
900 2960 1089 3048 quibusdam
1109 2961 1252 3026 testimo-

224 3051 298 3131 niis,
314 3073 388 3138 quae
402 3049 589 3138 proposuere
614 3049 814 3113 confirment.
859 3049 981 3112 Verum
1006 3047 1109 3134 priora
1135 3046 1190 3110 illa
1210 3047 1254 3112 od

223 3157 339 3222 pueros
354 3135 470 3223 magis,
486 3137 556 3200 haec
576 3133 739 3222 sequentia
758 3133 799 3197 ad
820 3133 1008 3196 robustiores
1022 3133 1251 3219 pertinebunt:

181 3225 188 3242 ¹
226 3243 300 3286 cum
315 3221 540 3309 grammatices
554 3241 655 3299 amor,
676 3233 710 3283 et
723 3219 797 3284 usus
818 3217 975 3298 sessionis,
990 3239 1055 3282 nou
1074 3217 1254 3282 scholarum

168 3323 210 3395 13
226 3307 433 3394 temporibus,
447 3307 502 3371 sed
516 3306 590 3371 vitae
608 3305 707 3392 spotio
723 3303 944 3368 terminentur.
988 3303 1027 3367 ln
1048 3303 1258 3389 praelegendu

225 3393 453 3479 grammaticus
468 3405 503 3457 et
528 3391 584 3456 illa
601 3390 733 3480 quidem
752 3390 876 3454 minora
898 3389 1041 3476 praesiare
1059 3388 1203 3466 debebit,
1218 3401 1256 3454 ut

225 3491 328 3564 partes
343 3477 495 3542 orationis
510 3477 600 3542 reddi
615 3477 670 3540 srbi
685 3475 789 3539 soluto
803 3474 892 3538 versu
909 3474 1071 3550 desideret,
1086 3487 1121 3537 et
1136 3474 1256 3560 pedum

225 3564 445 3650 proprietates,
459 3585 530 3648 quae
542 3561 624 3626 adeo
638 3561 757 3624 debent
772 3559 832 3624 esse
846 3571 932 3623 notae
948 3559 981 3622 in
997 3559 1206 3635 carminibus,
1218 3571 1256 3622 ut

225 3648 324 3714 etiarn
338 3649 371 3714 in
383 3649 519 3713 oratoria
529 3647 754 3734 compositione
766 3645 999 3724 desiderentur3
1023 3643 1256 3729 deprehendat-¹

227 3757 291 3820 que
329 3757 379 3800 uae
404 3735 549 3813 barbara,
565 3756 639 3820 quae
662 3731 843 3818 impropria,
859 3751 931 3816 quae
953 3741 1062 3792 contra
1082 3729 1189 3814 legem
1204 3727 1255 3790 lo-

174 3835 216 3900 14
227 3758 347 3906 quendi
370 3820 443 3884 sunt
463 3820 581 3906 posita:
606 3839 669 3880 non
698 3831 737 3881 ut
761 3839 801 3880 ex
823 3815 876 3878 his
898 3815 1014 3900 utique
1037 3814 1258 3899 improbentur

225 3919 343 3993 poetae,
362 3903 506 3993 (quibus,
523 3903 599 3992 quia
610 3903 802 3990 plerumque
820 3913 925 3965 metro
949 3898 1062 3964 servire
1079 3911 1256 3986 coguntur,

258 4148 274 4177 2
289 4143 439 4190 arcerano.
450 4141 514 4190 rens.
579 4147 591 4172 ⁸
610 4140 751 4190 curetarum
762 4123 933 4198 vuasonem
945 4139 977 4189 o.
1019 4136 1054 4172 ⁸⁶
1073 4137 1215 4187 defleximus
1226 4125 1258 4184 o:

226 4204 290 4254 Jens.
300 4205 472 4258 defluzerinius
481 4207 553 4257 MSS.
565 4205 655 4274 quidam
667 4217 688 4252 er
698 4207 777 4256 Burm.
789 4205 1004 4258 detenturum.
1016 4214 1037 4253 er
1049 4203 1080 4253 al.
1092 4203 1261 4256 deflexerimus

227 4266 346 4325 limas.
411 4271 525 4334 forms),
590 4269 752 4332 flacciditG.
