3022 4920
687 213 690 224 ι

431 386 601 448 msrrr.
622 379 930 450 aaaron-sm.
950 389 990 448 u.
1012 357 1044 448 a
1204 407 1260 456 m

228 545 359 638 legendi
381 549 441 616 sint
463 551 711 639 incipientibus?
743 552 830 616 Nam
856 551 988 636 quidam
1013 549 1087 616 illos
1110 550 1260 632 minores,

228 638 306 723 quia
327 636 450 702 facilior
475 660 586 703 eorum
615 637 796 704 intelleslus
822 637 1000 717 videbatur,
1026 638 1259 722 probaverunt:

227 722 283 786 alii
297 723 439 788 floridius
453 745 567 810 genus,
582 736 618 787 ut
632 723 672 788 ad
695 722 806 788 alenda
824 722 997 809 primarum
1019 737 1150 788 aetatum
1165 723 1197 786 in
1225 745 1259 787 e·

136 825 138 830 ’
174 818 214 889 19
228 807 282 870 nia
295 809 398 896 magis
413 809 703 873 accommodatum.
746 811 818 895 Ego
840 807 979 894 optimos
993 807 1137 894 quidem,
1154 747 1260 872 essa-

82 896 87 902 '
227 891 299 972 tim,
318 907 352 958 et
375 893 508 980 semper,
524 893 576 959 sed
603 908 710 958 tamen
735 916 845 958 eorum
868 893 1121 959 candidissimum
1145 916 1260 980 quem-

201 999 305 1062 ·que,
329 991 364 1043 et
387 979 527 1043 maxime
549 981 746 1078 expositume
771 979 878 1056 velim,
901 991 939 1042 ut
962 977 1090 1042 Livium
1116 1001 1134 1042 a
1155 979 1260 1066 pueris

225 1063 343 1150 magis,
359 1087 456 1151 quam
474 1065 672 1129 Sallustium:
697 1057 734 1128 es
745 1065 799 1128 hic
813 1063 949 1128 historiae
963 1062 1092 1126 ‘ma'orf
1115 1065 1159 1128 esi
1178 1087 1257 1132 atro-

225 1157 295 1212 tor:
319 1149 359 1214 ad
375 1173 472 1237 quem
487 1163 591 1214 tamen
608 1149 853 1236 intelligendum
870 1147 940 1235 jam
955 1087 1195 1236 prosestuopus
1211 1150 1257 1214 fit.

171 1244 214 1292 20
228 1231 355 1315 Cicero,
371 1247 409 1300 ut
432 1235 513 1300 mihi
529 1233 660 1323 quidem
685 1236 821 1313 videtur,
837 1247 870 1298 et
889 1233 1053 1321 jucundus
1074 1235 1258 1319 incipienti-

225 1317 287 1382 bus
302 1343 443 1408 quoque,
458 1333 491 1385 et
510 1335 637 1407 apertus
653 1323 696 1385 est
710 1319 794 1398 satis,
810 1341 870 1384 nec
891 1315 1030 1406 prodesse
1050 1333 1189 1398 tantum,
1204 1321 1260 1386 sed

225 1403 322 1468 etiam
346 1407 444 1471 amari
467 1407 587 1492 potest:
611 1420 680 1470 tum
708 1404 996 1492 (quemadmodum
1019 1405 1130 1469 Livius
1144 1407 1256 1491 praeei-

170 1500 209 1551 21
224 1489 285 1574 pit)
305 1503 342 1555 ut
358 1490 491 1578 quisque
504 1492 565 1556 erit
580 1491 728 1556 Ciceroni
744 1489 932 1554 fimilsimus.
975 1491 1053 1554 Duo
1074 1502 1183 1554 autem
1197 1514 1257 1578 ge-

224 1596 300 1639 nera
324 1576 464 1640 manime
487 1577 627 1642 cavenda
647 1575 752 1663 pueris
774 1588 874 1662 puto:
899 1577 1023 1652 Unum,
1039 1575 1165 1662 nequis
1180 1589 1259 1640 eosg

222 1660 424 1748 antiquitatis
449 1662 571 1726 nimius
593 1663 775 1739 admirator,
797 1661 830 1724 in
855 1661 1088 1741 Gracchorum,
1111 1662 1257 1726 Catonis-

223 1765 299 1830 que,
315 1759 348 1811 et
369 1747 504 1811 aliorum
530 1747 678 1812 similium
702 1746 838 1812 lestione
864 1747 1027 1810 durescere
1049 1745 1150 1812 velit:
1180 1747 1258 1811 fient

132 1857 136 1860 ·
223 1829 309 1894 enim
324 1832 446 1896 horridi
460 1832 693 1920 atquejej'uniz
717 1854 791 1896 nam
807 1854 912 1920 neque
933 1833 998 1896 vim
1021 1853 1133 1895 corum
1149 1831 1256 1896 adhuc

222 1914 387 1982 intellestu
414 1919 666 2004 consequentur:
699 1930 733 1982 et
756 1916 950 1992 elocutione,
976 1939 1048 2002 quae
1071 1917 1163 1982 tum*
1192 1918 1256 1984 srne

223 1997 325 2067 dubio
350 2017 417 2067 erat
442 2004 575 2088 optima,
598 2003 653 2067 sed
678 2001 788 2068 nostris
811 2003 1009 2088 temporibus
1036 2001 1150 2082 aliena,
1176 2025 1254 2066 con·

221 2087 316 2166 tenti,
332 2089 420 2174 quod
444 2091 486 2152 esl
510 2089 686 2175 pessimum,
702 2088 816 2154 ssmiles
840 2089 896 2152 fibi
919 2087 1047 2174 magnis
1070 2087 1143 2152 viris
1164 2087 1255 2153 vide·

167 2181 209 2232 22
221 2170 353 2238 buntur.
397 2173 558 2254 Alterum,
575 2175 663 2273 quod
686 2173 762 2238 huic
788 2173 943 2238 diversum
965 2173 1019 2251 est,
1035 2195 1076 2236 ne
1098 2173 1256 2238 recentis¹

219 2253 317 2344 hujus
331 2257 467 2324 lascivia
480 2259 617 2324 flosculis
632 2259 728 2344 capti,
744 2259 908 2346 voluptate
922 2258 1063 2346 quadam
1078 2281 1174 2346 parva
1197 2259 1255 2324 de:

219 2339 374 2408 liniantur
389 2345 415 2423 ¹‘,
431 2357 469 2408 ut
482 2343 642 2431 praedulce
655 2345 736 2408 illud
750 2367 865 2431 genus,
880 2345 912 2408 et
926 2343 1103 2430 puerilibus
1116 2344 1258 2432 ingeniis

166 2437 206 2506 23
222 2427 284 2492 boc
298 2429 433 2515 gratius,
448 2453 513 2516 quo
528 2431 658 2517 propius
672 2431 725 2508 esi,
740 2425 901 2494 adlsrnent.
946 2429 1060 2493 Firmis
1075 2443 1182 2494 autem
1196 2431 1255 2517 ju·

220 2511 465 2601 diciis,jamque
478 2529 567 2580 extra
580 2515 755 2601 periculum
770 2515 887 2602 posuis,
898 2505 1043 2578 suaserim
1058 2527 1091 2578 et
1105 2516 1255 2602 antiquos

219 2597 340 2685 legere,
356 2622 396 2664 ex
416 2600 532 2686 quibus
557 2601 578 2664 ss
595 2601 765 2665 assumatur
780 2599 878 2664 solida
891 2621 929 2664 ac
942 2599 1041 2664 virilis
1055 2600 1178 2686 ingenii
1194 2601 1253 2681 vis,

219 2683 343 2749 deterso
357 2684 445 2750 rudis
460 2685 557 2750 seculi
572 2686 727 2772 squalore,
742 2699 811 2750 tum
827 2686 929 2750 nosler
943 2685 997 2750 hic
1012 2685 1117 2750 cultus
1137 2686 1254 2750 clarius

221 2769 395 2849 enitescet3
423 2769 456 2834 et
479 2793 590 2844 novos,
614 2771 731 2856 quibus
753 2785 786 2834 et
810 2771 880 2857 ipfis
906 2770 1009 2836 multa
1033 2771 1134 2834 virtus
1157 2771 1252 2836 adesi.

167 2866 210 2930 24
221 2854 294 2922 Nec
319 2856 407 2920 enim
429 2878 487 2920 nos
514 2856 671 2922 tarditatis
696 2869 809 2920 natura
833 2855 1016 2922 damnavit:
1047 2854 1101 2920 sed
1125 2855 1255 2924 dicendi
1341 2925 1342 2928 ,

170 3077 173 3080 ’
252 3080 262 3105 ²
281 3077 444 3140 compositum
459 3078 522 3126 Jens.
620 3074 685 3126 ‘Sic
696 3077 769 3127 MSS.
781 3076 858 3140 plures
874 3087 896 3126 et
912 3043 960 3124 eisd.
972 3087 1010 3140 ap.
1021 3077 1100 3126 Burm.
1112 3077 1209 3138 majoris
1220 3079 1253 3144 ‘'s-

220 3140 292 3189 l'om.
305 3143 336 3191 G.
400 3141 513 3209 htamen
524 3143 555 3192 G.
620 3140 781 3192 ¹recentibus
789 3144 820 3191 G.
886 3142 1068 3192 ldeclinantur
1079 3143 1109 3190 G.
1122 3143 1187 3192 male.

205 3385 210 3396 ,
258 3354 301 3404 19.
320 3335 345 3388 et
360 3335 510 3409 hichistoriae
525 3337 619 3409 major]
642 3337 711 3389 Con·
759 3333 804 3386 fibi
827 3336 892 3386 intra
911 3349 1004 3404 paucos
1033 3333 1115 3386 versus
1144 3335 1275 3390 constare'

217 3404 315 3471 junsiio
332 3415 366 3466 et,
377 3419 406 3458 ut
425 3409 495 3467 alias,
508 3409 558 3458 vim
581 3407 654 3458 habet
674 3411 712 3462 τῆς
758 3405 875 3465 volumus
886 3404 968 3456 virum
980 3404 1122 3472 sapientem,
1135 3407 1251 3474 adquam

220 3491 378 3544 quamquam.
410 3478 505 3529 Deinde
515 3476 578 3528 nihil
595 3475 711 3528 dubitavi
759 3484 842 3525 tamen
864 3472 1045 3542 intelligendum
1060 3474 1118 3542 jam
1137 3477 1250 3544 professu

221 3561 333 3596 revocare
344 3547 411 3614 quasi
423 3546 572 3616 postliminio
583 3545 710 3598 sessionem
759 3552 816 3612 opus
826 3541 878 3610 fit:
906 3543 945 3594 sed
961 3544 992 3596 de
1010 3541 1122 3594 Sallustio
1133 3545 1179 3595 hoe
1192 3565 1249 3614 pro-

220 3615 374 3684 optimorum
410 3617 541 3668 librorum.
591 3614 709 3683 Majoris‚
738 3615 886 3664 ··nunciavit
900 3612 1000 3664 scilicet.
1023 3614 1109 3681 Atqui
1122 3613 1249 3668 Sallustius

220 3684 288 3752 quod
300 3701 358 3736 cum
369 3684 469 3756 hisloriae
479 3685 617 3754 jungebant
628 3681 709 3735 neces-
759 3699 808 3733 non
832 3683 931 3751 majoris
951 3682 992 3733 isse
1014 3683 1115 3750 quidem
1138 3681 1249 3752 historia,

219 3753 293 3814 sario,
306 3755 416 3807 tenebras
433 3756 525 3808 offudit
541 3755 602 3806 viris
619 3753 709 3814 doctis,
758 3752 796 3804 sed
809 3753 889 3820 major
899 3755 986 3804 autlor
996 3751 1038 3803 esi.

219 3839 279 3874 cum
301 3825 406 3876 Liviana
426 3825 526 3877 historia
548 3823 711 3876 hauddubie
794 3819 1248 3891 HiceJl,utperhibentdoblorumcor-

219 3893 299 3958 major
309 3893 463 3962 ampliorque
472 3893 548 3946 suerit
557 3892 709 3944 Sallustiana.
830 3892 863 3941 da
874 3889 1000 3952 virorum,

220 3962 274 4014 Nec
291 3962 452 4032 dispelluntur
470 3965 521 4015 istae
540 3964 646 4015 tenebre
664 3963 710 4012 ob·
794 3959 891 4030 Cn‘spm
907 3961 1018 4012 Romana
1030 3958 1127 4029 primus
1142 3960 1169 4014 in
1180 3961 1247 4034 isso·

220 4029 363 4094 servatione,
375 4034 535 4102 quantumvis
553 4049 619 4093 vera,
631 4031 661 4082 de
672 4029 711 4082 hic
829 4029 880 4091 ria,
916 4049 920 4054 ’

219 4105 365 4168 pronomine
384 4120 432 4156 non
450 4105 482 4156 ad
502 4104 652 4172 proximum,
670 4100 710 4152 sed
758 4099 826 4168 quod
841 4115 896 4152 vere
915 4098 946 4150 de
959 4098 1041 4152 aetatis
1062 4097 1130 4151 illius
1145 4099 1247 4164 judiciis

220 4169 251 4220 ad
264 4169 374 4240 superius
392 4173 485 4224 relatos
505 4173 535 4224 de
552 4173 627 4223 Livio
644 4171 710 4224 enim
759 4168 903 4220 Martialem
916 4168 1246 4238 14‚191·retulissecoustat.

220 4237 290 4296 nullo
307 4241 382 4294 modo
393 4242 472 4295 dicere
484 4241 566 4314 potuit
578 4241 683 4304 Fabius,
694 4237 712 4292 si

493 4332 511 4371 n

814 4325 878 4394 1³3
