3024 4912
239 407 299 477 »oa
471 397 1031 475 M.FA13110u1NcT1L1AN1

237 563 308 630 nim
331 561 553 650 probationum
574 563 617 628 est
640 562 852 650 praeparatior
875 583 935 628 noc
956 561 1017 628 effe
1038 559 1128 628 utilia
1150 563 1265 651 potest,

237 650 293 716 nisr
308 650 395 737 prius
409 648 611 728 constiteritr,
627 649 706 736 quid
725 649 841 720 debeat
855 648 896 714 do
942 646 1109 714 robatione
1130 649 1266 738 promit·

236 747 314 802 tere.
375 735 531 799 Postremo
563 733 768 813 intuendum,
821 755 894 798 uem
936 733 1072 798 modum
1100 731 1204 820 judex
1230 737 1269 801 fit

236 819 467 886 conciliandus.
510 821 629 904 Neque-
645 819 743 898 enim,
759 757 820 883 nis
829 820 905 884 totis
919 819 1030 884 caussa
1051 820 1193 906 partibus
1214 821 1266 885 di-

235 905 373 994 ligenter
384 904 541 992 inspeffis,
556 904 632 970 scire
645 901 816 991 possumus,
830 903 958 991 qualem
972 904 1066 968 nobis
1080 903 1183 970 facere
1197 905 1267 970 ani-

237 1013 329 1056 mum
344 989 565 1078 cognoscentis
583 1013 622 1054 ex
663 989 740 1067 diat,
754 990 907 1070 severum,
921 1011 961 1054 an
980 990 1106 1069 minem,
1123 991 1265 1056 concita-

235 1089 321 1152 tum,
337 1097 376 1140 an
398 1074 569 1154 remissum,
589 1012 751 1140 asserum
768 1074 893 1174 gratiae,
908 1098 948 1138 an
962 1075 1151 1139 obnoxium.
1195 1075 1264 1141 Ne·
1279 1081 1299 1145 8

237 1183 302 1248 que
323 1161 397 1225 ideo
419 1173 526 1226 tamen
546 1181 601 1225 eos
624 1161 834 1247 probaverim,
849 1161 905 1248 qui
919 1160 1121 1225 scribendum
1135 1183 1266 1250 quoque

235 1247 428 1334 prooemium
443 1247 603 1310 noviffime
616 1257 744 1331 putant.
785 1247 872 1310 Nam
886 1257 924 1309 ut
937 1245 1073 1310 conferri
1097 1247 1266 1314 materiam

236 1351 366 1398 omnem
382 1345 507 1418 oportet
518 1344 541 1412 ⁸,
557 1344 603 1411 et,
617 1330 696 1418 quid
710 1353 755 1418 qu
799 1351 841 1396 ue
853 1331 945 1396 loeot
970 1331 1006 1394 fit
1020 1351 1114 1418 opus,
1128 1331 1267 1400 constare

236 1417 347 1497 debet,
361 1430 531 1518 antequam
548 1416 654 1482 dicere
667 1429 723 1481 aut
737 1417 794 1481 serr
817 1437 870 1480 ere
883 1415 1065 1480 ordiamur:
1089 1416 1134 1480 ita
1148 1415 1264 1504 incipi-

235 1501 355 1568 endum
377 1503 418 1567 ab
442 1525 493 1581 us,
506 1525 581 1590 quae
595 1502 697 1589 prima
709 1501 793 1567 sunt.
836 1501 923 1566 Nam
945 1523 1005 1566 nee
1023 1521 1157 1600 pingere
1176 1503 1300 1594 quis-9

235 1609 333 1676 quarn
347 1599 403 1654 aut
417 1588 537 1677 fingere
552 1588 650 1673 coepit
662 1609 682 1650 a
703 1587 860 1673 pedibus:
884 1609 944 1651 nec
959 1586 1099 1672 demque
1111 1608 1161 1650 ars
1176 1587 1241 1652 ulla
1250 1599 1265 1630 ‘²
1299 1623 1302 1630 ·

234 1673 474 1739 consummatur
487 1672 532 1738 ibi
545 1685 572 1754 ²,
586 1671 672 1737 unde
687 1671 876 1736 ordiendum
899 1673 952 1736 est.
998 1671 1088 1736 Quid
1113 1672 1168 1736 siet
1181 1672 1263 1738 aiio-

234 1755 304 1844 qui‚
328 1759 349 1823 si
373 1759 509 1848 spatium
534 1757 747 1906 oonpponendi
768 1757 944 1821 orationem
969 1757 1038 1821 siilo
1053 1777 1117 1820 non
1140 1756 1262 1824 fuerit?

236 1863 344 1914 nonne
357 1865 416 1910 nos
430 1845 500 1910 haeo
514 1841 586 1908 inve
615 1865 633 1907 a
647 1842 842 1908 consuetudo
857 1841 1040 1928 deceperit?
1066 1842 1266 1928 Inspicienda

234 1926 335 2080 ἷιζυτ
348 1929 482 1996 materia
494 1929 549 2006 est,
562 1949 628 2016 quo
641 1926 840 2017 praecipimus
854 1927 985 2010 ordine3
1007 1925 1181 2007 scribenda,
1197 1951 1266 2025 quo

258 2035 384 2081 scimus.

278 2103 322 2164 X.
349 2101 456 2186 (XII.)
481 2100 634 2166 Ceterum
658 2097 760 2164 caussa
783 2098 899 2177 omnia,
922 2097 956 2163 in
981 2121 1045 2185 qua
1071 2120 1142 2186 pars
1165 2099 1265 2166 altera

234 2187 352 2272 agentis
376 2187 430 2263 est,
458 2185 555 2249 altera
580 2184 752 2272 recusantis,
777 2195 832 2248 aut
857 2184 953 2248 unius
982 2183 1027 2250 rei
1056 2187 1265 2252 controverfia

234 2271 365 2351 constat,
388 2282 444 2334 aut
464 2271 614 2357 plurium.
661 2269 745 2334 llla=
755 2267 885 2362 ſjmplex
905 2267 1024 2334 dicitur
1035 2293 1046 2349 3
1074 2270 1146 2334 haec
1159 2283 1172 2310 ⁸
1193 2295 1262 2334 con-
1319 2283 1321 2288 “

221 2353 344 2445 jaubia.
389 2357 463 2421 Una
478 2355 686 2420 controversra
700 2355 743 2418 est
756 2377 811 2440 per
825 2353 856 2417 se
868 2353 965 2441 fiarti,
981 2376 1037 2439 per
1052 2355 1083 2420 se
1107 2355 1261 2423 adulterii.

234 2439 348 2508 Plures*
355 2453 410 2506 aut
424 2441 563 2528 ejusdem
582 2441 719 2526 generis,
734 2453 771 2503 ut
786 2439 818 2502 in
838 2440 969 2526 pecuniis
993 2441 1183 2526 repetundis:
1205 2455 1263 2508 aut

232 2525 353 2607 diversi,
378 2527 464 2613 utſs
490 2527 556 2616 quis
570 2524 684 2610 sacrile
706 2525 729 2587 ii
762 2524 836 2589 rmus
860 2536 888 2587 et
911 2525 1059 2589 homicidii
1085 2526 1260 2594 accusetur.

232 2613 331 2679 Quod
346 2613 479 2680 nuncin
514 2610 633 2676 ubiicis,
644 2549 776 2700 jufiioiis
791 2631 854 2675 non
869 2609 997 2687 accidit,
1012 2611 1162 2697 quoniam
1178 2634 1261 2696 prae·

230 2711 282 2764 tor
296 2711 383 2762 certa
395 2697 425 2762 le
493 2697 629 2764 ortiturr
652 2696 831 2782 principum
849 2709 956 2760 autem
977 2708 1012 2759 et
1032 2695 1156 2760 senatus
1179 2717 1259 2784 eog-

231 2783 409 2848 nitionibus
451 2804 572 2869 equens
585 2782 652 2850 est:
680 2793 714 2845 et
735 2779 846 2866 populi
868 2780 943 2849 fuit.
988 2781 1111 2849 Privata
1130 2803 1195 2868 quo
1219 2805 1260 2847 ue
1274 2803 1305 2858 n

224 2867 351 2955 judioia
362 2869 443 2954 saepe
456 2889 558 2932 uuum
573 2866 718 2953 judicem
742 2867 859 2931 habere
875 2863 985 2930 multis
998 2877 1032 2930 et
1052 2865 1178 2932 diverfis
1192 2805 1259 2932 sor·

231 2954 330 3018 mulis
344 2953 468 3018 solent:
491 2973 551 3016 nec
565 2952 637 3016 aliae
651 2951 769 3037 species
783 2963 886 3030 erunt,
899 2949 1031 3014 etiamfi
1047 2973 1130 3015 unus
1145 2975 1164 3015 a
1178 2951 1261 3017 duo-

230 3039 294 3104 bus
315 3039 469 3103 duntaxat
482 3035 627 3101 eamdem
642 3057 722 3114 rem,
737 3048 835 3184 atqpe
848 3057 887 3100 ex
900 3035 1013 3099 eadem
1028 3036 1130 3101 caussa
1191 3051 1259 3118 tet;

230 3135 287 3187 aut
300 3123 366 3187 duo
379 3124 419 3188 ab
434 3145 499 3187 uno
512 3146 522 3200 ;
545 3135 602 3185 aut
614 3121 721 3206 plures
735 3143 753 3184 a
762 3143 788 3270 p
802 3120 932 3200 uribus3
960 3120 1047 3206 quod
1069 3121 1137 3185 aeci
1160 3145 1212 3187 ere
1225 3123 1260 3187 in

229 3207 576 3273 haereditariisrlitibus
604 3206 733 3270 interim
775 3205 902 3270 cimus:
939 3204 1025 3290 quia,
1051 3207 1197 3292 quamvis
1225 3209 1260 3272 in

162 3384 165 3390 Ι
229 3293 342 3358 multis
356 3293 506 3382 personis,
521 3291 623 3358 cauffa
637 3304 746 3356 tamen
761 3313 825 3356 una
838 3291 892 3370 est,
908 3289 963 3354 nisi
978 3289 1017 3352 fin
1032 3291 1175 3357 conditio
1188 3313 1262 3382 per.

264 3495 556 3545 reonnrtueruouens.
658 3493 843 3542 manneus.
939 3491 1115 3540 tamasim..
1189 3473 1261 3544 uena

230 3561 295 3610 lens.
360 3562 446 3608 ιἰῐὶάθ
457 3561 489 3608 G.
564 3557 771 3606 'HaeessJens
847 3556 1259 3619 *illasr'dem‚etpsur<sap.Burm.

230 3626 368 3754 :Zogprptiizestu
375 3625 499 3690 pamutari
510 3623 558 3672 loca
569 3625 643 3671 sorum
649 3623 817 3687 praeminum.
885 3623 895 3656 ὓ
915 3621 933 3672 fi
944 3639 985 3670 om.
998 3622 1029 3670 G.
1039 3623 1104 3670 Jens.
1112 3623 1157 3687 sed
1165 3622 1261 3672 alterum
1344 3654 1348 3662 ·

266 3872 292 3922 9.
306 3847 608 3922 praecipimus-dicimus]
622 3848 719 3900 Obscu-
803 3851 838 3910 X,
853 3866 878 3900 r.
903 3845 931 3899 in
946 3855 1032 3919 pecua.
1053 3848 1144 3916 repes]
1171 3849 1261 3918 Neque

229 3921 312 3976 ritatis
324 3923 420 3990 aliquid
439 3920 579 3974 contrahere
598 3919 638 3970 hic
650 3918 719 3970 locus
768 3919 833 3970 enim
845 3928 944 3988 propter
955 3933 1032 3976 unum
1044 3914 1138 3968 sursum
1155 3915 1196 3968 sur
1213 3919 1258 3972 asi.

185 3995 190 4006 ⁸
230 3990 317 4060 potest,
327 3991 394 4059 quod
405 3991 457 4042 duo
468 3991 543 4041 verba
560 3989 665 4055 ejusdem
676 4005 719 4057 ge·
768 3987 825 4056 quis
843 3997 888 4038 aut
904 3985 1006 4051 injustus
1026 3985 1179 4057 esseincipiu
1204 3989 1259 4058 igi.

230 4061 294 4112 neris
307 4061 338 4110 ad
348 4059 443 4119 diversa
454 4059 559 4123 subjesia
569 4055 717 4109 referuntur.
767 4067 810 4108 tur
827 4057 855 4108 in
877 4055 1068 4125 repetundarum
1091 4057 1162 4110 causa
1183 4055 1257 4128 plura
1336 4053 1340 4060 ’

145 4169 150 4184 .
231 4126 390 4202 Pracipirpus
407 4129 438 4180 ad
458 4128 537 4198 ipsum
550 4127 656 4180 Fabium
667 4144 721 4197 per-
770 4123 821 4176 fere
839 4125 915 4178 unius
935 4125 1031 4194 generis
1051 4127 1260 4200 criminu‚plurea

231 4199 304 4261 tinet,
314 4197 414 4254 dicimus
425 4199 501 4253 etiarn
515 4195 657 4250 adfuturos
668 4213 723 4250 ora·
771 4191 937 4249 controversae
948 4208 1108 4258 concurrunt,

232 4277 308 4322 toros.
348 4297 351 4310 ι
396 4315 399 4321 ,
