3022 4920
404 392 573 457 INSTIT.
595 395 797 457 ORATOR.
821 397 906 459 LIB.
926 400 951 460 Ι.
972 395 1001 462 6.
1181 411 1221 480 5²

131 571 170 641 29
185 556 308 636 intuiti,
324 559 549 647 originationem
565 571 692 626 vocent.
736 561 818 646 Haec
832 561 930 626 habet
944 561 1115 648 aliquando
1129 562 1222 629 usum

144 685 147 691 ·
184 645 403 726 necessarium,
424 647 569 733 quoties⁵
594 647 854 744 interpretatione
878 670 940 726 ree,
958 647 997 711 de
1018 671 1082 733 qua
1104 650 1220 734 quaeri-

183 742 249 808 tur,
267 744 367 817 egeto
389 747 426 796 ut
440 755 513 796 eum
530 733 580 795 M.
600 732 724 795 Coelrus
738 733 768 796 se
784 733 843 796 effe
864 731 1028 797 hominem
1051 733 1134 820 frugi
1152 735 1221 798 vult

183 817 332 900 probare,
347 839 411 880 non
428 817 503 904 quia
518 817 674 880 abstinens
689 817 724 880 fit
743 822 828 901 (nam
843 817 876 880 id
892 841 931 882 ne
944 819 1072 884 mentiri
1088 820 1221 906 quidem

183 905 321 986 poterat)
338 901 390 965 sed
406 903 481 989 quia
496 902 585 966 utilis
605 901 729 982 multis,
746 904 779 966 id
805 903 847 967 est
870 902 1057 983 fruituofus,
1074 905 1159 968 unde
1183 907 1220 972 fit

184 986 273 1050 ditia
276 987 467 1072 frugalitas.
502 987 645 1074 Ideoque
660 987 693 1050 in
708 988 947 1074 definitionibus
963 989 1131 1076 affiguntur
1146 1005 1219 1079 ety-

125 1088 171 1154 30
185 1071 339 1158 mologiae
354 1073 456 1137 locun.
500 1074 754 1158 Nonnumquam
778 1074 873 1136 etiam
889 1075 1020 1138 barbara
1043 1075 1083 1138 ab
1108 1098 1219 1140 emen-

185 1157 269 1220 datis
286 1171 419 1222 conatur
433 1157 618 1236 discernere,
633 1173 670 1220 ut
683 1177 757 1222 oum
780 1160 968 1247 Triquetram
983 1159 1047 1224 dici
1063 1161 1219 1240 Siciliam,

186 1263 225 1304 an
244 1244 486 1342 Triquedram‘3
511 1243 670 1322 meridiem,
685 1267 724 1306 an
746 1245 900 1308 medidiem
923 1257 1079 1331 oporteat,
1101 1247 1219 1332 quaeri-
1265 1247 1271 1264 ⁹

128 1344 168 1410 31
185 1339 250 1404 tur,
273 1329 432 1414 aliaqueu,
450 1353 522 1415 quae
546 1329 765 1394 consuetudini
791 1329 947 1394 serviunt.v
961 1381 970 1390 ,
985 1331 1138 1394 Continet
1160 1354 1221 1396 au-

185 1425 252 1480 tem
279 1413 312 1480 in
338 1417 370 1478 fe
394 1415 528 1478 multam
555 1414 779 1492 eruditionem,
796 1415 856 1477 five
877 1415 933 1478 illa
954 1437 993 1478 ex
1015 1417 1135 1479 Graecis
1151 1431 1220 1482 urta

187 1498 372 1582 trademus,
390 1499 547 1586 quaesunt
562 1499 707 1582 plurima,
722 1500 944 1587 praecipueque
957 1500 1079 1566 AEoliea
1098 1502 1220 1568 ratione

191 1585 255 1667 (cui
273 1586 315 1648 est
330 1584 429 1652 sermo
445 1586 545 1648 noller
560 1584 748 1663 fimillimus)
770 1585 948 1650 declinata:
973 1588 1033 1650 five
1056 1609 1095 1650 ex
1122 1587 1220 1651 histo-

187 1670 308 1734 riarum
338 1683 480 1734 veterum
512 1669 637 1748 notitia,
668 1671 825 1734 nomina¹
853 1671 1034 1751 hominum,
1063 1672 1245 1752 locorum,

187 1755 349 1840 gentium,
372 1757 499 1820 urbium
517 1756 728 1840 requiramus,
744 1757 830 1820 unde
853 1757 955 1835 Bruti,
973 1757 1148 1842 Publicolae,
1166 1758 1222 1821 Pi.

188 1841 245 1903 ei?
271 1864 329 1906 cur
358 1841 493 1917 Latium,
528 1840 635 1918 Italia,
662 1841 899 1906 Beneventum?
930 1865 1002 1928 quae
1030 1843 1220 1940 Capitolium,

133 1926 330 2004 ganeonem
356 1927 553 2011 Quirinalem,
569 1939 601 1988 et
622 1925 793 2012 Argiletum
815 1926 996 2012 appellandi
1018 1931 1120 1991 ratio?
1146 1930 1221 2008 Jam

80 2037 82 2042 ¹
141 2047 144 2052 ·
187 2011 242 2074 illa
257 2009 391 2090 minora,
406 2011 438 2074 in
456 2011 572 2097 quibus
588 2014 726 2074 maxime
743 2013 865 2076 liudiofr
881 2013 949 2098 ejus
971 2012 1016 2076 rei
1031 2013 1220 2100 fatigantur,

188 2098 268 2184 quia
294 2098 390 2160 verba
415 2097 557 2182 paullum
583 2096 752 2173 declinata,
775 2099 857 2161 tvarie
878 2113 911 2160 et
934 2097 1152 2183 multipliciter
1179 2099 1222 2163 ad

187 2183 355 2246 veritatem
380 2183 550 2258 reducunt,
564 2194 620 2244 aut
644 2183 794 2268 correptis
819 2197 874 2247 aut
898 2184 1059 2268 pomediis,
1083 2197 1139 2249 aut
1163 2183 1220 2248 ad-

181 2267 278 2355 jediis
292 2280 349 2341 aut
364 2267 525 2342 detrattis,
543 2280 599 2333 aut
613 2269 798 2350 permutatis
814 2269 912 2332 literis
928 2269 1102 2355 syllabisve.
1141 2269 1222 2334 indu

189 2354 292 2439 pravis
322 2353 460 2440 ingeniis
484 2351 524 2426 ad
551 2349 715 2414 foediffima
740 2355 839 2439 usque
861 2353 998 2417 ludibria
1023 2353 1221 2420 dilabuntur.

190 2437 239 2502 Sit
252 2439 363 2502 enimb
380 2437 490 2524 Consul
503 2459 521 2500 a
535 2436 740 2517 consulend0,
758 2440 828 2502 vel‘
844 2439 1074 2524 ajudicand03
1099 2463 1171 2504 nam
1188 2453 1224 2507 et

189 2523 252 2588 hoc
267 2525 350 2672 eoqsu
365 2547 410 2588 ere
424 2537 545 2587 veteres
567 2521 850 2608 appellaveruntd3
875 2524 960 2588 unde
985 2524 1092 2588 adhuc
1116 2509 1220 2588 rem‘i-

189 2622 267 2677 nete
291 2609 300 2672 i
330 2609 519 2695 ud,.Rogat,
547 2607 613 2670 boni
636 2601 779 2686 aaronitas,
804 2609 837 2671 id
860 2610 902 2672 est
925 2611 1045 2673 bonum
1069 2610 1219 2694 judices:

137 2703 177 2769 33
192 2695 313 2778 Senatui
328 2716 445 2758 nomen
461 2691 586 2756 dederit
602 2705 677 2755 aetas
692 2717 701 2770 ;
724 2717 797 2756 nam
819 2693 916 2758 iidem
942 2697 1048 2758 Patres
1070 2697 1164 2760 funt:
1189 2707 1223 2760 et

190 2779 266 2860 Rea,
280 2787 385 2861 ratior,
397 2791 431 2842 et
444 2779 505 2842 alia
518 2777 654 2864 plurima
670 2779 865 2843 indubitata:
883 2801 941 2844 nec
954 2781 1119 2844 abnuerim
1134 2794 1220 2868 tegu-

209 2955 231 3005 '2
247 2981 326 3026 quum
337 2967 368 3014 G.
433 2964 602 3025 ttriquatram
614 2963 645 3010 G.
710 2963 867 3027 ⁰aliquando
877 2965 960 3013 consu.
972 2966 1040 3013 fervit
1051 2967 1082 3016 G.
1144 2973 1161 3023 ,Χ
1178 2981 1228 3024 nug

191 3025 251 3086 titia,
264 3032 407 3088 nominum,
417 3030 527 3078 locorum
540 3026 645 3092 sphalma
657 3029 736 3075 Burm.
802 3038 856 3078 ²et
867 3031 907 3093 ins.
920 3031 951 3076 G.
961 3031 1024 3078 Jenf.
1089 3039 1173 3093 ²quae
1189 3033 1222 3080 G.

192 3093 330 3142 bfitenim
356 3097 385 3144 G.
404 3095 430 3144 ir.
449 3095 581 3144 Vollmer
594 3106 615 3150 3.
635 3091 746 3142 funeral.
844 3095 1222 3149 cve1t3.eovoss.2.anu1.

99 3185 107 3196 κ
191 3159 368 3208 “vocaverunt
380 3161 410 3208 G.
476 3165 615 3205 ‘remanet
626 3157 655 3204 G.
667 3159 730 3206 tens.
784 3182 786 3187 .

228 3341 270 3386 30.
299 3321 479 3394 ‘Triquedram3
497 3315 635 3382 meridiem]
656 3319 682 3370 Si
724 3319 859 3392 smeliffima
871 3301 979 3372 ludibria
990 3319 1089 3374 referret
1100 3323 1221 3394 etymolo-

192 3402 283 3452 enirna
300 3400 444 3470 quadrando
456 3396 494 3449 vel
506 3398 537 3448 ab
549 3387 603 3466 idom
615 3395 653 3454 fir,
666 3394 685 3444 d
731 3391 787 3458 gius
800 3403 895 3458 apertas
909 3401 932 3442 et
946 3393 1047 3443 summis
1058 3394 1118 3444 viris
1131 3396 1221 3464 proba-

192 3471 313 3539 postulat':
334 3472 372 3524 fed
385 3471 441 3522 ufus
454 3479 516 3537 puto
527 3469 640 3534 pervicit,
652 3474 682 3514 ut
732 3471 781 3510 tas.
806 3461 862 3526 Jam
880 3473 984 3534 apparet
993 3461 1063 3514 illum
1075 3465 1122 3512 tria
1134 3481 1222 3533 ponere

191 3539 286 3592 telfet.
317 3541 357 3590 Sic
377 3539 407 3590 de
428 3537 503 3588 altero
524 3537 580 3588 Cic.
608 3538 684 3586 Orat..
731 3530 898 3598 exemplorum
922 3547 1019 3600 genera,
1044 3533 1147 3601 probare
1169 3525 1221 3602 pri-²

191 3627 236 3674 47.
260 3611 339 3681 Ipsum
351 3609 479 3660 meridiem
491 3623 534 3661 cur
546 3623 592 3660 non
604 3603 681 3656 medi-⁴
732 3615 803 3650 mum
821 3617 909 3669 genus,
922 3599 1048 3652 tolerabile
1062 3602 1173 3666 judicare
1185 3605 1221 3666 al-¹

191 3679 278 3731 diem?
296 3679 375 3740 credo,
387 3677 516 3748 quoderat
527 3673 668 3745 insuavius.
731 3678 821 3726 terum,
834 3671 936 3719 tertium
948 3669 1053 3737 deniqne
1067 3669 1147 3736 sadis
1158 3670 1223 3722 ludi.

229 3774 269 3820 32·
289 3759 325 3808 ad
340 3757 490 3820 veritatem]
511 3755 537 3806 h·
551 3773 572 3805 e,
589 3745 682 3820 2703,st
731 3736 791 3788 briis
802 3738 933 3790 accensere.
957 3739 1009 3790 Res
1022 3751 1105 3809 aperta
1116 3739 1222 3822 confide

192 3827 255 3878 unde
273 3825 425 3897 etymologia
445 3825 513 3876 dieta
530 3824 572 3886 est,
591 3825 644 3878 vid.
663 3823 688 3896 so
732 3807 855 3862 mutibus·

193 3915 235 3948 21,
771 3913 812 3956 32.
826 3891 873 3944 mel
879 3891 1048 3960 ajudicanelo]
1061 3895 1223 3952 Notuslucus

229 3984 271 4030 32.
291 3964 329 4016 Sir
351 3963 415 4016 enim
437 3962 533 4033 Confiel]
553 3962 600 4016 Vel
610 3961 685 4026 hujus
735 3961 930 4032 Cic.deLegg.
946 3982 970 4028 3,
985 3982 1008 4028 3.
1039 3963 1224 4035 Regioinrperio

194 4033 269 4086 solius
294 4035 342 4086 loci
365 4033 439 4086 caula
459 4033 566 4084 multum
595 4033 685 4083 debent
734 4032 781 4084 duo
785 4033 868 4102 fiunto,
881 4031 945 4102 iique
959 4033 988 4100 (a
1008 4033 1079 4084 inferi
1097 4036 1151 4090 vult
1170 4039 1224 4088 Da.

192 4095 287 4170 fludiosr
299 4101 420 4156 Gothano
436 4096 527 4154 ionici.
564 4103 601 4153 Ut
617 4103 685 4152 enim
732 4100 819 4175 visun)
829 4102 967 4174 praeeundo,
980 4101 1124 4169 judicando,
1142 4109 1222 4176 consu.

192 4189 247 4226 ante
259 4175 396 4244 legebatur,
408 4173 488 4224 nescio
506 4187 582 4240 quam
601 4189 684 4222 moro·
732 4169 809 4232 leudo,
833 4171 961 4232 Pratores,
985 4171 1095 4237 Judices,
1114 4175 1224 4246 Consules

191 4243 230 4299 sur
247 4245 326 4304 videri
343 4244 451 4302 debebat
468 4243 574 4306 Fabius,
586 4239 684 4310 qui‘ad
733 4239 951 4321 umrclluntor'ffi.
979 4251 1004 4316 Α·
1160 4307 1177 4315 ¹,
1200 4281 1223 4314 ,5

641 4325 647 4336 ”
723 4328 777 4378 122
