3024 4912
418 406 590 468 1nsu1s.
611 403 819 466 onnuou.
848 401 930 467 trs.
943 405 1006 468 1111.
1030 385 1072 466 εὐ
1207 421 1267 472 coc

237 571 348 653 oratio,
364 595 439 638 cum
453 572 504 638 vel
518 571 677 660 praecipue
690 567 941 634 moderationem
956 565 1269 659 rationemqueeon·

237 657 303 724 filia
315 658 516 724 desiderent?
549 659 666 746 Neque
680 677 744 742 ego
766 655 961 740 negaverim,
975 653 1088 744 saepius
1110 655 1267 722 subsidere

236 742 270 806 in
296 743 513 808 controversis
539 744 695 829 impetum
724 739 853 805 dicendi
883 741 1050 825 prooemio,
1075 742 1266 822 narratione,

235 830 433 927 argumentis
448 854 455 892 :
480 850 552 915 quae
561 840 575 868 ¹
601 829 622 890 fi
637 826 797 900 detrahas,
813 823 847 888 id
861 823 926 889 fere
940 824 1103 924 supererit,
1118 849 1184 914 quo
1196 827 1270 892 sua-¹
1296 857 1301 870 ¹

236 913 324 978 sorrae
347 916 509 978 constant:
541 935 652 980 verum
676 911 710 975 id
725 932 853 999 quoque
875 911 1029 996 aequalius
1045 913 1116 990 erit,
1132 933 1196 976 non
1212 925 1268 977 tu-

7 1023 15 1034 ·
109 1011 111 1014 ’
173 996 424 1067 '61multuosius
446 1013 542 1086 atque
564 996 737 1062 turbidius.
781 997 961 1060 Verborum
985 1010 1092 1060 autem
1118 997 1270 1084 magnisi-

237 1085 343 1150 centia
357 1105 421 1148 non
440 1084 600 1148 validius²
625 1083 667 1146 est
690 1079 864 1147 affectanda
885 1079 1033 1144 suasorias
1058 1081 1267 1148 declamanti-

236 1169 319 1249 bus3
343 1169 396 1234 sed
410 1170 573 1256 contingit
587 1167 702 1256 magis.
746 1168 831 1232 Nam
848 1180 881 1230 et
896 1168 1035 1250 personae
1055 1166 1120 1230 fere
1139 1189 1267 1255 magnae

237 1253 594 1344 fingentibushplacenq
617 1277 733 1339 regum,
754 1251 932 1340 principum,
953 1251 1064 1338 populi,
1079 1253 1219 1351 sinatus,
1234 1267 1270 1322 et

237 1361 287 1404 res
301 1340 493 1427 ampliores:
517 1340 562 1404 ita
577 1361 651 1404 cum
668 1339 764 1402 verba
785 1337 882 1402 rebus
903 1349 1062 1484 aptentur,
1077 1337 1143 1424 ipso
1165 1351 1268 1404 mate-

184 1425 225 1492 62
237 1424 293 1488 riae
308 1425 410 1490 nitore
424 1425 610 1490 clarescunt.
653 1422 729 1486 Alia
742 1421 823 1486 veris
838 1421 921 1484 consi
937 1422 975 1484 iis
990 1422 1072 1486 ratio
1088 1424 1129 1486 est
1144 1448 1151 1488 :
1175 1423 1268 1490 ideo-

237 1531 302 1608 que
311 1510 544 1596 Theophrastus
555 1529 652 1595 quam
664 1506 803 1571 maxime
816 1517 974 1570 remotum
986 1507 1026 1572 ab
1038 1508 1127 1572 omni
1139 1509 1268 1574 affeua-

238 1607 350 1660 tuone*
365 1594 399 1658 in
415 1595 622 1660 deliberativo
636 1613 753 1680 genere
768 1591 871 1656 voluit
895 1591 955 1656 effe
974 1591 1164 1674 sermonem,
1178 1595 1267 1660 secu-

238 1691 291 1744 tus
306 1679 340 1744 in
360 1678 423 1744 hoc
445 1679 678 1758 austoritatem·
690 1676 894 1764 praeceptoris
916 1677 974 1756 sui,
995 1699 1189 1766 quamquam
1204 1680 1268 1746 dis-

184 1763 225 1848 63
238 1761 352 1828 sentire
364 1765 404 1830 ab
419 1787 459 1830 eo
474 1787 538 1830 non
553 1763 667 1828 timide
684 1763 773 1827 solet.
816 1763 967 1847 Namque
989 1764 1172 1830 Aristoteles
1193 1764 1278 1831 ἰᾶσι*

239 1871 332 1914 neam
347 1850 486 1920 unanime
503 1848 543 1914 ad
567 1847 766 1914 scribendum
788 1845 1057 1933 demonstrativam,
1072 1849 1268 1936 proximam·
1326 1927 1329 1932 Ι

237 1957 304 2022 que
318 1937 358 2000 ab
374 1959 411 2001 ea
414 1934 592 2026 judicialem
605 1935 728 2022 putavit
740 1959 748 1998 ε
770 1931 923 1996 videlicet
942 1933 1092 2018 quoniam
1114 1935 1201 2022 prior
1214 1936 1271 2004 illa

158 2074 160 2082 s
238 2032 308 2084 tota
329 2022 404 2086 esset
425 2020 652 2098 ostentationis,
667 2019 737 2083 haee
759 2017 895 2084 secunda
918 2031 1028 2105 egeret
1052 2020 1141 2099 artis,
1156 2021 1207 2087 vel
1228 2022 1270 2092 ad

238 2104 427 2187 fallendum,
443 2108 464 2171 fi
478 2107 525 2172 ita
537 2103 722 2193 poposcisset
734 2103 878 2183 utilitas3
902 2103 1029 2168 confilia
1043 2104 1105 2170 fide
1125 2108 1269 2192 pruden-

178 2191 349 2294 p4tiaquc
374 2193 561 2258 constarent.
606 2191 734 2258 Quibus
759 2189 792 2254 in
815 2188 1057 2254 demonstrativa
1080 2190 1269 2276 consentioq

194 2284 199 2293 '
239 2295 313 2342 nam
329 2289 363 2342 et
377 2300 488 2344 omnes
502 2277 557 2342 alii
571 2275 736 2362 scriptores
749 2276 763 2314 δ
785 2274 871 2339 idem
886 2273 1103 2340 tradiderunt:
1127 2277 1160 2342 in
1176 2277 1271 2367 judi·
1291 2341 1293 2344 .

200 2371 205 2379 ’
239 2361 298 2426 ciis
313 2375 420 2428 autem
436 2362 632 2450 consiliisque
646 2360 822 2426 secundum
842 2358 1059 2424 conditionem
1074 2360 1180 2448 ipsius,
1196 2387 1272 2451 quae

239 2447 438 2527 tradabitur,
451 2449 496 2512 rei
508 2445 811 2512 accommodandam
826 2443 953 2509 dicendi
968 2445 1063 2510 credo
1077 2447 1231 2514 rationem
1243 2461 1280 2516 ‘.-
1361 2466 1366 2470 ·

5 2571 7 2634 j
150 2533 227 2620 ¹65
239 2531 328 2598 Nam
352 2545 385 2597 et
409 2532 600 2620 Philippicas
626 2529 850 2610 Demosthenis
869 2529 999 2610 eisdem,
1012 2530 1130 2617 quibus
1145 2531 1271 2602 habitas
1325 2627 1326 2630 Ἴ

274 2741 288 2770 ³
303 2748 378 2796 quem
390 2735 421 2783 G.
487 2739 498 2766 ²
515 2734 609 2786 avidius
620 2733 652 2782 G.
727 2739 737 2764 ¹
757 2732 890 2782 Affediione
901 2733 964 2780 iens.
977 2743 998 2778 er
1009 2731 1060 2780 libri
1066 2731 1129 2796 plur.
1140 2745 1178 2800 ap.
1190 2735 1270 2788 Burni.

241 2799 391 2860 instintione
401 2799 492 2848 uidetur
503 2798 543 2862 effi
553 2817 568 2844 a
579 2799 699 2861 conjectura
710 2798 784 2861 Regii.
901 2806 910 2832 ⁵
930 2807 1085 2862 praeceptores
1097 2799 1126 2846 G.
1138 2809 1160 2848 et
1170 2801 1234 2850 Voss.
1246 2817 1274 2858 ι,

242 2869 253 2896 ⁸
271 2865 405 2914 annonem
415 2863 478 2913 iens.
490 2863 555 2914 male.

277 3028 321 3080 62.
340 3023 449 3079 abom'
459 3022 625 3091 affcciaticnc]
639 3026 731 3080 Parum
780 3023 864 3076 hcndae
885 3024 1023 3078 videantur
1041 3023 1084 3096 effe
1106 3026 1156 3084 dre.
1193 3029 1267 3086 Add.

240 3097 336 3160 aberat,
345 3097 409 3168 quin
417 3095 521 3148 alterum
530 3092 660 3159 Affcciionc
669 3113 732 3164 prae-
780 3094 857 3145 noster
870 3112 912 3155 11,
926 3113 950 3158 3,
965 3099 1024 3146 181.
1055 3093 1198 3163 Affeciioncs
1218 3101 1272 3170 igi.

241 3165 340 3229 ferrem
363 3181 451 3218 nomen
470 3165 609 3216 rhetoribus
626 3183 674 3216 non
694 3166 731 3216 in·
780 3176 822 3215 tur
839 3175 864 3215 et
883 3164 1079 3234 perturbationes
1101 3168 1190 3230 animi,
1210 3185 1270 3240 quae

242 3235 366 3306 frequens,
388 3251 413 3289 et
435 3235 494 3289 huic
514 3234 549 3286 rei
570 3233 729 3303 aptissimum.
780 3250 838 3285 vero
856 3234 962 3288 maxime
977 3233 1100 3298 officiunt,
1118 3239 1271 3292 reniovendae

242 3308 316 3363 Πόθος
335 3307 401 3359 enim
422 3305 465 3367 eli,
476 3304 544 3374 quod
562 3303 733 3358 exTuliianis
780 3303 836 3355 sunt
857 3304 884 3354 in
906 3300 1089 3366 deliberatione,
1110 3307 1156 3359 ubi
1185 3321 1271 3364 veum

243 3373 400 3428 finitionibus
420 3384 531 3445 apparet.
562 3373 601 3425 De
627 3375 682 3426 Inv.
708 3391 734 3434 ις
771 3373 898 3442 quaeritur
918 3373 999 3426 unice.
1029 3373 1160 3440 Affcc‘iatio
1187 3381 1270 3432 omnis

245 3460 289 3510 ις.
315 3444 428 3498 Affcdiio
443 3441 735 3516 arianimiautcorporis
777 3443 871 3511 ubique
885 3443 1002 3496 cavenda.
1022 3444 1061 3496 Sic
1080 3445 1153 3496 initio
1172 3449 1271 3518 cogita·

242 3528 276 3564 ex
297 3521 401 3584 tempore
422 3515 460 3581 (h.
484 3531 507 3566 e.
520 3530 565 3591 pro
584 3513 677 3566 diversa
696 3530 735 3563 ra·
778 3512 878 3564 tabam:
901 3531 945 3565 nec
957 3529 1022 3565 nunc
1034 3512 1094 3564 salsa
1105 3526 1176 3586 puto,
1189 3517 1210 3570 ss
1218 3533 1270 3572 rem
1319 3564 1321 3568 ,

243 3582 310 3635 tione
338 3581 470 3654 temporis)
490 3581 574 3650 aliqua
601 3583 631 3633 dc
659 3584 733 3652 causa
781 3582 856 3664 ipsam
868 3581 967 3652 spedies.
983 3584 1028 3634 Sed
1039 3582 1118 3636 valuit
1130 3583 1217 3640 deinde
1228 3603 1268 3639 ra.

242 3652 405 3715 commutatio,
428 3663 456 3705 ut
477 3649 575 3712 laetitia,
602 3669 630 3702 cu
647 3649 732 3714 iditas,
779 3661 818 3703 tro
829 3653 918 3711 verior,
925 3664 959 3716 ,ut
970 3669 1035 3704 nunc
1054 3653 1159 3714 videnti,
1171 3673 1223 3724 qus
1238 3657 1271 3712 de

242 3731 329 3784 metus,
341 3721 454 3792 molestia,
464 3720 568 3782 morbus,
576 3660 698 3782 debriitas,
709 3731 733 3772 et
779 3719 917 3785 affectando
928 3723 1030 3774 minime
1040 3725 1171 3775 verborum
1182 3741 1272 3782 ornatu

243 3789 374 3863 alia‚quae
389 3807 481 3860 genere
497 3789 524 3842 in
540 3790 620 3842 codem
640 3789 731 3858 reperi-
781 3803 806 3842 et
826 3791 1010 3860 magnificentia
1033 3790 1073 3843 bic
1096 3792 1197 3862 quidem
1217 3789 1271 3867 ag'i,

242 3869 328 3914 untur.
374 3862 464 3916 Latius
486 3861 561 3912 etiam
589 3859 676 3912 definit
702 3861 733 3910 de
781 3878 811 3911 ex
830 3873 883 3911 tota
902 3860 1020 3912 orationis
1037 3859 1170 3918 seriemihi
1190 3863 1271 3938 lique.

242 3929 303 3984 Inv.
327 3950 353 3992 2,
376 3935 419 3996 58.
443 3928 602 3999 Affeuioest
619 3931 732 4000 quadam
782 3930 835 3981 bat.
1264 3955 1267 3962 ,

145 4001 151 4020 ‘
243 4015 278 4050 ex
296 4008 409 4069 tempore,
427 4009 473 4052 aut
489 4015 522 4052 ex
541 3997 687 4066 negotiorum
707 4018 732 4050 e·
826 4003 839 4050 6
845 4018 869 4064 5.
907 3998 1051 4069 Philippicas
1094 4001 1273 4076 Demosthenis]

244 4077 334 4129 ventu,
345 4078 391 4122 aut
409 4067 624 4139 adminstrationc,
636 4079 681 4120 aut
692 4067 733 4120 ho·
781 4070 897 4140 Qidni?
921 4073 967 4138 qui
983 4071 1048 4122 enim
1066 4069 1160 4142 populo
1177 4073 1272 4138 suadet,

244 4135 336 4190 minam
397 4137 589 4200 incommutatio
602 4155 694 4200 rerum,
707 4149 734 4191 ut
782 4143 826 4207 qui
843 4155 930 4190 verum
949 4139 1032 4194 videre
1053 4156 1104 4192 non
1120 4143 1214 4212 potetis
1234 4144 1273 4202 illi

243 4216 320 4262 noct
359 4225 381 4269 s,
392 4207 476 4277 quales
494 4217 553 4266 ante
570 4207 661 4260 tabirae
670 4211 733 4272 fini,
782 4209 927 4262 adhibenda
939 4207 994 4262 sunt
1004 4208 1126 4264 machina
1136 4227 1221 4268 onmes
1231 4231 1273 4270 nr.
1303 4231 1306 4237 ·

241 4275 445 4348 temporumque
465 4276 553 4332 baberi
565 4277 668 4350 soleant,
688 4276 733 4332 ha·
783 4280 827 4333 tis.
853 4278 903 4332 Par
914 4276 1187 4352 ferescntcntiarumin
1198 4283 1273 4337 Sens-
