3022 4920
254 380 298 461 5⁸
489 373 1042 440 stramrourucrmranr

254 567 350 632 quam
377 542 521 608 reddidi:
553 555 668 608 neutro
687 543 766 608 sane‘
781 542 879 608 modo
902 565 975 622 vox,
992 565 1088 630 quarn
1113 541 1279 624 sentimus,

252 631 400 698 efficitur.
445 631 518 694 Neo
531 629 686 694 inutiliter
709 629 865 694 Claudius
880 629 1038 694 AEolioarn
1055 627 1142 692 illam
1157 629 1198 692 ad
1219 629 1281 694 hos
1293 646 1333 714 27

254 718 327 784 usus
349 738 370 793 fl
395 714 518 780 literam
542 715 707 800 adiecerat.
754 715 838 780 Illud
859 721 945 780 nunc
966 714 1094 794 melius,
1112 715 1199 800 quod
1220 717 1280 796 cui,

253 802 366 877 tribus,
382 823 460 886 quas
475 800 632 886 proposui,
646 800 746 864 literis
761 815 948 866 enotamns:
972 800 1084 886 inquo
1098 801 1204 886 pueris
1219 823 1280 864 no-

253 887 316 964 bis,
332 886 372 950 ad
396 887 549 971 pinguem
565 886 636 948 sane
652 885 775 964 sonum,
791 910 831 971 qu
853 901 886 949 et
908 886 936 950 oi
954 886 1138 964 utebantur,
1153 899 1281 950 tantum
1333 939 1336 944 .

252 988 290 1036 ut
304 974 344 1036 ab
359 971 414 1034 illo
429 971 479 1057 qui
499 970 753 1054 distingueretur.
799 971 914 1036 Quid?
939 994 1013 1057 quae
1027 970 1207 1036 scribuntur
1221 971 1280 1034 ali·
1295 967 1336 1036 28

252 1069 313 1134 ter,
329 1079 425 1142 quarn
441 1056 666 1120 enuntiantur?
692 1057 776 1120 Nam
801 1069 834 1120 et
850 1056 950 1120 Gaius
967 1057 995 1120 C
1010 1055 1103 1120 litera
1116 1069 1246 1121 notatur
1256 1071 1281 1133 ⁶,

252 1164 325 1228 quae
348 1139 522 1220 inversas)f
547 1141 714 1206 mulierem
738 1141 898 1206 declarat:
921 1141 996 1226 quia
1018 1155 1084 1204 tam
1108 1142 1200 1208 Gaias
1221 1141 1283 1207 etse

251 1227 417 1304 vocitatas,
433 1249 528 1312 quam
547 1226 644 1303 Gaios,
659 1227 756 1290 etiam
772 1249 811 1290 ex
826 1227 1020 1312 nuptialibus
1032 1226 1124 1290 sacris
1139 1240 1281 1314 apparet.

252 1311 325 1380 Neo
343 1313 460 1376 cneus
474 1333 543 1374 eam
559 1311 684 1376 literam
708 1313 739 1376 in
783 1313 964 1376 raenominis
983 1323 1060 1376 nota
1072 1311 1202 1398 accipit,
1218 1335 1282 1399 qua
1295 1328 1336 1396 29

252 1397 363 1461 sonat:
387 1413 419 1460 et
434 1395 592 1460 colomnah
608 1411 642 1460 et
659 1335 807 1484 Consulis,
822 1411 948 1462 exemta
961 1423 982 1460 n
1000 1397 1102 1476 litera,
1120 1397 1281 1484 [gemina-

252 1497 287 1549 ta
301 1508 314 1546 s
329 1482 419 1546 litera
437 1483 531 1565 Coss]
550 1481 711 1569 legimus:
736 1484 784 1546 eti
802 1483 935 1561 Subura,
949 1505 1050 1569 quum
1063 1483 1166 1546 tribus
1180 1483 1282 1548 literis

248 1581 392 1644 notatur,
412 1591 427 1630 c
449 1569 574 1630 tertiam
599 1568 745 1632 ostendit.
790 1567 900 1632 Multa
923 1567 995 1632 sunt
1011 1568 1140 1654 generis
1162 1567 1280 1654 hujuss

252 1653 304 1718 ted
320 1653 390 1716 haee
405 1673 535 1738 quoque
549 1674 658 1716 vereor
672 1675 713 1718 ne
736 1654 868 1718 modurn
885 1668 951 1717 tam
965 1675 1069 1740 parvae
1082 1654 1262 1752 quaestionis
1276 1660 1283 1698 ¹

252 1719 446 1801 excellisrint.
491 1737 656 1802 Judioium
680 1752 788 1803 autern
813 1739 905 1802 suum
929 1753 1158 1824 grammaticus
1181 1738 1281 1802 inter·
1293 1755 1337 1822 30

296 1837 350 1886 nat
371 1822 422 1886 his
443 1823 604 1886 omnibus.
657 1825 744 1888 Nam
767 1824 830 1888 hoo
852 1823 955 1888 valere
976 1823 1150 1908 plurimum
1171 1823 1281 1888 debet.

306 1931 328 1970 o
353 1907 418 1989 (nifi
433 1919 452 1946 “¹
475 1907 562 1991 quod
589 1909 786 1974 consuetudo
808 1908 994 1988 obtinuerit)
1018 1909 1059 1970 tio
1082 1907 1281 1972 scribendum

253 1993 394 2079 quidque
404 1991 530 2078 judicu,
546 1993 709 2077 quomodo
735 1994 834 2058 sonat.
881 1994 946 2057 Hic
961 1991 1047 2056 enim
1062 1993 1135 2056 usus
1151 1994 1193 2056 est
1207 1993 1281 2056 lite·
1294 2010 1334 2077 31

252 2101 371 2155 aarum,
392 2091 430 2142 ut
453 2078 630 2144 custodiant
653 2101 758 2157 voees,
779 2095 812 2142 et
838 2079 927 2142 velut
951 2077 1126 2163 depositum
1149 2077 1283 2142 reddant

252 2161 460 2248 legentibus:
498 2162 606 2248 itaque
635 2163 669 2227 id
696 2165 872 2249 exprimere
898 2162 1029 2239 debent,
1052 2161 1140 2248 quod
1165 2162 1283 2228 dietari

251 2247 372 2312 sumus.
416 2249 480 2310 Hae
501 2247 567 2311 fere
594 2247 664 2312 sunt
687 2249 856 2312 emendate
882 2247 1036 2334 loquendi
1064 2248 1337 2333 scribendique32

249 2345 372 2420 partes:
395 2331 475 2396 duas
488 2330 636 2419 reliquas,
653 2333 861 2420 significanter
876 2345 1049 2420 ornateque
1063 2333 1202 2414 dicendi,
1217 2356 1283 2398 non

286 2573 295 2597 ²
316 2569 420 2628 lignatur
429 2569 459 2616 G.
525 2564 570 2628 (ς)
588 2587 629 2615 om.
642 2569 672 2616 G.
685 2581 706 2615 et
715 2567 779 2617 lens.
845 2569 1060 2634 aneusquidam
1072 2569 1144 2616 MSS.
1157 2571 1218 2631 apud
1226 2572 1282 2620 Bur.

251 2631 264 2668 ἱ
282 2633 380 2680 colurna
391 2643 504 2694 exempta
515 2649 531 2679 n
543 2631 610 2680 litera
625 2643 647 2680 et
660 2635 773 2681 Consules
790 2635 912 2694 geminata
929 2634 1014 2680 l'liteta
1024 2634 1085 2681 eots.
1100 2633 1202 2700 plerique
1219 2636 1282 2683 editi.

251 2697 300 2750 Nor
318 2698 408 2762 sequuti
421 2699 499 2761 sumus
518 2699 660 2746 Gothannm
679 2709 700 2744 et
714 2699 793 2745 lenio.
811 2699 888 2764 quibus
904 2700 1017 2746 concinunt
1033 2697 1123 2764 quidam
1139 2699 1164 2745 in
1179 2700 1283 2746 ddendir

253 2765 335 2816 Burm.
356 2762 556 2824 Oueinclrfimur‚
569 2781 594 2808 ea
611 2764 635 2808 in
652 2763 748 2810 laudatis
766 2763 828 2810 libris
839 2764 916 2829 absim
927 2765 1011 2811 merito.
1060 2761 1064 2792 l
1085 2774 1113 2810 ut
1123 2764 1155 2812 G.
1219 2767 1226 2802 l
1243 2767 1283 2812 hae

251 2827 395 2938 putpstiorptlts
412 2826 525 2889 legendum
536 2827 634 2874 videtur.
663 2828 709 2874 Sed
719 2828 790 2890 potest
806 2827 901 2876 alterum
919 2846 1002 2896 quoque
1017 2827 1122 2892 intelligi.
1188 2835 1208 2859 ¹¹¹
1226 2843 1283 2878 vero

268 2903 350 2938 tn.et
385 2926 393 2939 .
474 2907 476 2920 ¹

290 3105 332 3150 27.
351 3087 474 3139 AEolicam
489 3088 571 3154 illam]
590 3089 649 3142 Vid.
668 3090 700 3142 ad
718 3109 743 3153 1,
792 3091 843 3142 mis
852 3089 1014 3149 editionibus,
1025 3089 1139 3157 equibus
1153 3088 1186 3140 etl
1197 3088 1281 3156 Jenso·

251 3165 282 3220 ¹4,
295 3169 337 3217 ¹4·
398 3224 403 3235 Ι
485 3227 490 3237 .
792 3167 874 3226 niana,
885 3164 1017 3217 transversa
1026 3165 1089 3216 linea
1101 3160 1130 3240 τῇ
1143 3165 1282 3237 uimpofita

290 3230 333 3276 28.
353 3227 430 3278 Gutus
443 3228 556 3292 Clitera]
571 3228 704 3280 Diomedes
718 3246 743 3289 2,
792 3245 928 3287 notaretur.
964 3237 1089 3286 Caeterum
1112 3233 1203 3288 colurna
1241 3255 1281 3288 ro-

253 3315 280 3365 p.
296 3299 359 3376 4⁸18.
373 3313 410 3364 pr.
443 3297 564 3365 Hodieque
581 3315 634 3377 curn
646 3299 743 3350 Gaium
792 3306 938 3356 nunciatum
950 3303 1003 3365 elle,
1016 3305 1108 3356 indicat
1118 3257 1256 3358 Cohtmellr.

250 3379 410 3418 fl⁰¹¹¹¹¹l³m¹¹⁸
423 3368 551 3437 Caesarems
564 3367 694 3438 scribimus
709 3368 741 3418 C.
820 3393 863 3440 29.
877 3373 1282 3438 Sulrura]FirmanturFabiididio
1314 3419 1317 3427 .

254 3443 386 3494 Caesarem.
407 3447 474 3495 Hinc
487 3435 663 3498 Graeciroii'n.
678 3447 743 3500 Vide
792 3443 862 3494 inseri
881 3445 975 3494 tionum
990 3444 1047 3503 fide,
1064 3463 1151 3512 quam,
1170 3459 1282 3498 monente

249 3512 439 3564 dehocnomine
446 3526 469 3564 et
478 3515 554 3566 altero
561 3517 620 3568 Cnei
626 3517 664 3568 vel
673 3513 744 3568 (ἔνιοί
788 3513 839 3576 jam
859 3463 1013 3576 burmarmo,
1029 3515 1124 3583 copiose
1141 3514 1283 3586 suppeditat

249 3581 606 3654 philosophanttmepitomen,
634 3603 742 3638 uaecurn
792 3582 928 3634 Gruterus.

254 3649 355 3704 Valerio
374 3653 489 3704 Maximo
507 3655 598 3717 editur,
614 3605 644 3707 de
662 3655 742 3706 nomi·
828 3669 870 3714 30.
889 3650 933 3772 a?
947 3653 1011 3722 quod
1019 3654 1135 3725 confusa]
1150 3651 1223 3724 Qud
1232 3653 1280 3705 sus·

253 3733 314 3772 num
327 3724 704 3792 rationep.880.sq.Torren.
791 3720 890 3788 picatur
916 3721 943 3772 ¹1.
958 3721 1133 3792 Heulingerus.
1171 3724 1239 3774 Mihi
1256 3742 1281 3776 re

247 3797 250 3802 '
290 3796 333 3841 28.
358 3809 390 3842 ex
413 3791 559 3859 nuptialibus
578 3793 671 3864 fhrris]
697 3812 741 3846 no.
791 3791 880 3840 iterum
893 3791 1039 3842 considerata
1051 3791 1129 3862 placet
1141 3791 1281 3862 simpliciter

254 3861 287 3912 tis
303 3879 332 3911 ex
352 3861 478 3912 Plutarchi
492 3863 585 3933 Qaest.
596 3865 645 3916 Ro.
660 3882 683 3915 c.
698 3882 740 3928 30.
791 3859 859 3928 sequi
882 3859 1008 3913 letlionem
1026 3861 1206 3928 Jensonianam,
1229 3863 1281 3930 Ego

254 3934 304 3990 ὅτε
318 3931 349 3989 σὺ
360 3935 432 3996 Γάϊος
446 3933 490 4004 572,
505 3935 581 3992 rat„
791 3945 855 3980 vero
865 3932 928 3998 quod
937 3931 956 3982 i.
969 3949 992 3982 e.
1005 3945 1128 3999 quatenns
1144 3933 1282 4000 confitetudo

247 4017 251 4022 ·
291 4030 333 4076 29,
354 4011 461 4061 columna
472 4011 624 4082 newsum]
638 4013 669 4064 1„
682 4015 742 4064 Con,
791 3997 1117 4070 obtinueria'ficscribendum
1125 4004 1174 4054 dle.
1185 4019 1280 4072 nempe,

246 4079 313 4151 fides
336 4097 420 4130 omnes
444 4083 578 4148 agnoscunt
596 4101 612 4133 n
632 4083 742 4147 literam,
794 4069 872 4148 8οΠΰὲ
890 4087 918 4150 ἒ(
933 4071 1103 4140 PronuntlfflO
1120 4089 1206 4122 110ffl¹³
1223 4071 1279 4126 sefl-

243 4148 343 4217 'quidni
355 4151 429 4200 etiarn
447 4151 471 4201 in
486 4149 610 4212 Columna,
623 4165 647 4204 et
660 4154 743 4218 potuit
794 4137 876 4199 [Μὶν
890 4140 1281 4207 mquantum⁶⁰¹ls11‘lud000ss·

253 4230 323 4270 tanto
335 4217 435 4272 facilius
450 4221 568 4283 excidere,
581 4239 638 4274 tum
655 4223 681 4274 in
693 4224 743 4292 pri-
793 4207 870 4260 “arla
878 4225 926 4260 ¹³0ss
936 4223 1068 4280 rePugna·
