3022 4920
13 2553 15 2648 i
68 2606 71 2610 ·
181 2579 347 2670 μαψ,
378 2587 430 2652 nu
464 2585 584 2674 aequa
600 2585 730 2670 „aaran
774 2587 878 2650 auam
908 2585 940 2648 in
970 2585 1041 2670 rpus
1067 2584 1099 2648 fa

434 359 604 447 nusum.
629 369 832 432 oaarou.
859 373 944 432 Lm.
966 375 990 433 1.
1012 391 1043 452 9.
1209 371 1248 449 σς
1350 386 1354 394 ·

221 533 344 602 duntur
356 557 377 600 a
391 535 531 602 curiofie.
568 537 618 602 Ex
632 559 698 622 quo
711 535 793 602 mihi
808 535 891 602 inter
903 535 1037 602 virtutes
1049 533 1252 623 grammatici

221 619 405 700 habebitur,
420 622 525 710 eliqua
540 624 657 710 nesiire.
1242 681 1246 706 2

265 707 326 772 IX.
353 709 457 792 (XV.)
484 711 552 772 Etss
570 707 674 771 finitae
688 705 818 792 quidem
838 707 911 772 sunt
932 717 1035 794 partes
1056 706 1148 785 duae3
1171 729 1251 792 quac

221 789 292 854 haec
307 793 449 878 professio
464 793 644 879 pollicetur,
660 793 694 856 id
711 793 752 854 est
767 795 843 857 ratio
862 793 1011 880 loquendi,
1028 805 1061 856 et
1073 793 1252 856 enarratio*

219 885 394 955 aniciorum:
408 902 552 966 ¹quarum
563 879 648 942 illam
662 879 849 958 methodicen,
865 879 947 944 hanc
962 877 1109 963 historicen
1125 889 1250 946 vocant·

220 963 423 1048 Adjiciamus
439 979 545 1028 tamen
564 986 674 1028 eorum
698 985 782 1027 curae
802 963 948 1050 quadam
964 963 1091 1028 dicendi
1115 963 1250 1050 primor-

221 1046 285 1126 dia,
300 1050 418 1134 quibus
434 1063 544 1114 aetatcs
563 1047 705 1112 nondum
721 1049 879 1114 rhetorem
902 1049 1061 1136 capientes
1076 1049 1250 1114 instituant.

189 1133 328 1219 algitur
341 1135 448 1222 AEstpi
456 1135 609 1220 sabellus,
631 1157 703 1221 quae
719 1131 835 1198 fabulis
856 1133 1086 1198 nutricularum
1108 1133 1349 1220 proxime»...

115 1293 119 1300 ι
221 1217 406 1298 succedunt,
423 1243 546 1284 narrare
559 1222 701 1285 sermone
716 1242 808 1305 puro,
824 1232 857 1283 et
872 1219 952 1282 nihil
966 1219 995 1282 se
1011 1218 1250 1306 supramodum

221 1303 407 1384 extollente,
423 1305 538 1370 deinde
551 1304 697 1370 eamdem
712 1306 923 1391 gracilitatem
947 1303 1013 1370 stilo
1028 1304 1156 1390 exigere
1171 1327 1249 1368 con·

220 1388 363 1455 discant:
388 1391 492 1455 versus
506 1392 609 1477 primo
629 1389 759 1468 solvere,
775 1414 850 1454 mox
869 1391 1002 1453 mutatis
1023 1390 1127 1454 verbis
1148 1389 1249 1454 iuter.

220 1477 357 1560 pretari:
383 1489 451 1540 tum
475 1475 649 1562 paraphrasi
672 1475 826 1538 audacius
849 1488 981 1555 vertere,
997 1489 1105 1561 quaet
1125 1475 1249 1540 brevia,

221 1582 256 1624 re
280 1561 441 1646 quaedam,
466 1576 500 1625 et
522 1577 685 1638 exornare,
708 1561 791 1624 lrlvo
815 1561 911 1626 modo
934 1575 1037 1646 poetae
1060 1561 1159 1638 sensu,
1177 1583 1249 1646 per.-

185 1645 372 1726 3mittitun
417 1646 518 1712 erod
546 1669 636 1732 opus,
660 1645 756 1710 etiam
781 1646 1006 1710 consummatis
1030 1644 1325 1731 professoribus-

221 1730 361 1812 difficile,
388 1733 444 1818 qui
469 1733 637 1796 commode
662 1733 853 1810 tractaverit,
877 1733 1070 1817 cuicumque
1099 1731 1251 1802 discendo

220 1803 363 1882 suffieiet.
410 1818 569 1882 Sententiae
592 1839 734 1904 quoque,
756 1830 790 1880 et
813 1817 915 1892 chricc,
930 1831 961 1880 et
981 1817 1152 1904 ethologia*
1174 1817 1248 1880 sub·
1269 1831 1402 1920 yffelo(

212 1899 310 1987 jestis
330 1903 489 1968 dictorum
509 1903 683 1968 rationibus
705 1902 790 1988 apud
812 1904 1037 1989 granmratieos
1061 1902 1247 1984 scribantur,
1283 1917 1401 1965 mue

219 1987 295 2072 quia
309 1987 436 2052 initium
452 2011 491 2052 ex
500 1987 637 2052 lectione
650 1987 773 2052 ducunt
789 2013 797 2063 ;
821 2011 958 2073 quorum
973 1988 1117 2052 omnium
1139 1988 1248 2052 srmilis

220 2073 261 2136 eu
276 2075 368 2152 rati0,
384 2071 486 2136 forma
500 2073 634 2138 diversa:
658 2073 733 2158 quia
746 2074 899 2159 sententia
920 2072 1100 2136 universalis
1115 2074 1157 2136 est
1173 2095 1247 2154 vox,

184 2172 207 2232 4
220 2158 364 2247 ethologia
380 2159 517 2245 personis
533 2160 726 2223 continetur.
774 2158 932 2222 Chricrnm
946 2155 1036 2243 plura
1050 2179 1169 2244 genera
1183 2127 1353 2238 tra-resec

219 2242 358 2309 duntur:
382 2267 483 2308 unum
504 2245 602 2308 fimile
622 2243 795 2323 sententiae,
812 2243 901 2330 quod
915 2245 956 2308 est
971 2243 1104 2327 posrtum
1119 2243 1153 2308 in
1169 2265 1249 2312 voce
1276 2249 1371 2297 W*

219 2327 364 2416 firnplici,
381 2330 473 2394 Dixit
491 2329 553 2408 ille,
569 2343 638 2408 aut,
655 2330 762 2392 Dicere
774 2329 916 2478 solebat:
939 2329 1085 2407 alterum,
1101 2329 1190 2425 quod
1205 2331 1248 2400 est
1274 2354 1283 2367 ²

180 2489 183 2496 .
219 2413 251 2478 in
278 2415 507 2502 respondendO,
533 2415 647 2478 interro
672 2426 738 2478 atus
762 2414 824 2494 ile,
844 2415 906 2488 vel,
925 2416 997 2477 Cum
1020 2415 1070 2478 hoc
1089 2439 1117 2476 cc
1138 2417 1248 2480 diuum

219 2501 296 2584 efflet,
312 2503 477 2588 rependite
502 2501 631 2565 tertium
645 2439 728 2562 iruic
746 2523 809 2564 non
832 2499 986 2578 diffimile,
1006 2499 1079 2562 Cum
1100 2501 1166 2648 giis
1182 2523 1246 2648 nli]

1132 2608 1158 2648 rs
1188 2609 1205 2649 e
1229 2609 1248 2652 e

218 2671 340 2734 chriam
370 2684 497 2758 putant,
520 2685 557 2736 ut
582 2671 697 2750 crates,
718 2695 780 2736 cnm
804 2673 950 2736 indoctum
971 2687 1093 2758 puerum
1116 2671 1246 2757 uidiſjet‚
1271 2719 1273 2726 .

216 2757 415 2843 paedagiigum
430 2759 489 2844 ej'us
500 2755 653 2844 percuffit:
676 2770 709 2820 et
723 2755 809 2820 aliud
823 2755 973 2843 pene'par
988 2756 1029 2834 ei,
1040 2755 1126 2842 quod
1139 2768 1246 2824 tamen

218 2841 332 2904 eodem
349 2841 476 2904 nornine
499 2843 655 2928 appellare
673 2863 736 2904 non
757 2841 886 2920 audent,
901 2841 953 2906 sed
969 2841 1082 2904 dicunt
1103 2841 1247 2924 χρειῶδες,

218 2939 268 3003 ut,
281 2927 384 3005 Milo,
408 2925 491 3014 ouem
512 2928 642 2992 vitulum
667 2927 834 3012 efflaverat
848 2927 951 3074 (serre,
979 2937 1097 2990 taurum
1109 2928 1246 3013 sinebat,

220 3011 256 3074 In
276 3011 324 3074 his
339 3013 487 3076 omnibus
503 3025 536 3077 et
551 3013 721 3076 declinatio
738 3035 793 3098 per
809 3035 846 3076 eo
859 3011 931 3075 'dem
953 3011 1082 3075 ducitur
1099 3011 1198 3090 casus,
1213 3025 1247 3077 et

179 3095 205 3180 v6
218 3109 282 3160 tarn
299 3097 468 3176 fastorum,
485 3121 582 3186 quarn
603 3098 761 3162 dictorum
782 3098 863 3160 ratio
886 3099 940 3160 est.
985 3097 1326 3162 Narratiunculas-a

217 3203 237 3244 a
251 3183 371 3268 poetis¹
390 3183 573 3263 celebratas,
589 3185 713 3246 notitiae
733 3184 845 3260 caussa,
863 3205 925 3246 non
946 3183 1139 3268 cloquentiae
1161 3196 1245 3246 trac.

217 3269 329 3333 tandas
356 3283 445 3354 putu.
492 3270 607 3346 Cetera
634 3267 761 3354 majoris
790 3269 893 3356 operis
916 3291 952 3332 ac
978 3267 1115 3354 spirituc,
1140 3269 1247 3332 Latini

218 3352 389 3417 rhetoresm
412 3354 634 3441 relinquendo,
658 3353 822 3418 necessaria
845 3353 1062 3440 grammaticis
1080 3353 1245 3442 fecerunt?

220 3439 326 3502 Graeci
343 3439 446 3526 magis
460 3461 591 3525 operum
606 3440 730 3503 luorum
747 3453 780 3502 et
794 3461 890 3502 onera
904 3453 936 3501 et
948 3437 1080 3501 modum
1097 3455 1228 3503 norunt.

261 3525 304 3590 X.
323 3526 446 3608 (XVI.)
467 3527 548 3588 Haec
562 3536 573 3562 ¹¹
588 3524 629 3590 de
646 3525 866 3602 Grammatico,
883 3523 1170 3609 quambreviffime
1185 3547 1245 3609 po-

178 3637 183 3647 1
218 3608 278 3686 tui,
294 3631 358 3673 non
374 3622 411 3674 ut
425 3610 534 3674 omnia
551 3609 690 3674 dicerem
706 3610 852 3688 sestatm,
869 3607 956 3694 quod
979 3608 1138 3672 infinitum
1157 3623 1244 3686 erat3

216 3693 270 3756 sed
286 3707 322 3757 ut
337 3695 476 3759 maxime
491 3696 672 3760 necessaria:
697 3715 783 3758 nunc
804 3694 843 3756 de
857 3695 969 3780 ceteris
982 3695 1113 3770 artibus,
1129 3695 1247 3778 quibus

218 3777 427 3843 instituendos
442 3780 540 3866 prius,
557 3803 652 3866 quam
673 3779 839 3844 tradantur
862 3769 995 3857 rlrctirri,
1011 3801 1126 3877 pueros
1141 3779 1247 3842 existi,

215 3885 285 3943 mo,
302 3865 430 3932 strittim
452 3866 654 3956 subjungam,
671 3873 708 3932 ut
728 3865 882 3930 efficiatur
908 3864 993 3930 orbis
1013 3865 1068 3932 rlle
1082 3863 1247 3946 doetrinae,

250 4152 315 4200 ‘Ut
335 4152 365 4200 G.
381 4155 446 4205 lens.
511 4153 710 4217 tumulatorum
729 4155 769 4218 rifi
781 4155 812 4202 G.
878 4151 1024 4218 'hetilogiae
1044 4153 1075 4204 G.
1094 4151 1130 4202 tic
1146 4161 1168 4198 er
1178 4161 1206 4214 p.
1220 4163 1248 4218 p,

218 4213 385 4278 'poeticisffi
447 4228 466 4255 Ω
484 4231 639 4284 praceptcrec
648 4223 679 4270 G.
746 4219 831 4288 n'quae
843 4219 874 4268 G.
1079 4263 1081 4270 a
