2938 4910
378 329 570 438 'tustra
586 371 798 434 ORATOR.
820 371 903 432 ula.
917 368 986 436 vll.
1000 380 1034 450 9:
1177 367 1237 455 effi

201 541 269 610 fare
281 541 369 622 lires,
383 533 603 628 praecipueex
621 535 828 615 testamentis,
844 558 917 600 cum
940 535 981 600 de
1001 535 1163 618 libertate,
1179 550 1238 604 aut

201 631 299 694 etiam
321 628 363 692 de
386 627 562 691 hereditate
586 623 789 688 contendunt
810 621 845 702 ii,
867 622 985 706 quibus
1008 623 1095 686 idam
1117 646 1237 688 nomen

164 717 266 801 4est:
301 727 367 792 aut,
388 713 468 800 quid
496 713 533 774 fit
553 711 709 796 legatum,
737 708 902 792 quaeritur.
924 741 927 746 ·
945 707 1097 772 Alterum
1112 711 1178 788 est,
1201 710 1236 774 in

202 823 268 888 quo
283 801 346 864 alia
360 801 488 884 integro
502 797 600 861 verbo
616 794 802 882 significatio
818 794 872 870 est,
889 792 950 856 alia
965 791 1112 858 divitior:
1136 807 1174 858 ut
1188 796 1237 860 in-

122 883 127 898 '
198 910 312 970 genua,
328 898 361 949 et
375 893 602 959 armamentum,
619 895 652 944 et
677 879 852 956 Coruinum,
872 877 988 963 ineptae
1011 878 1083 954 sane
1105 880 1236 944 cavilla·

200 972 317 1051 tiones,
332 993 372 1033 ex
386 981 474 1055 quo⁰
493 981 600 1030 tamen
617 966 724 1030 Graeci
745 963 968 1030 controversias
990 963 1137 1030 ducante
1161 966 1238 1042 inde

200 1049 410 1138 uiturplcllla
432 1053 573 1140 milgata,
590 1073 665 1116 cum
686 1049 852 1136 quaeritur,
872 1048 979 1112 Utrum
1000 1050 1085 1129 aula,
1102 1065 1238 1137 quieter

164 1140 346 1231 5ceciden't,
363 1151 428 1203 anp
444 1139 566 1202 tibicina
578 1150 603 1217 q,
614 1137 651 1222 st
664 1136 808 1213 ceciderit,
825 1135 930 1197 debeat
941 1134 1109 1283 publicari.
1153 1139 1238 1222 Ter..

200 1223 246 1288 tia
268 1227 313 1287 est
335 1248 375 1289 ex
398 1223 591 1312 compofitiS,
607 1235 644 1286 ut
666 1221 687 1284 fi
709 1221 782 1312 quis
803 1241 918 1306 corpus
956 1241 1034 1283 uum
1055 1221 1088 1283 in
1105 1223 1238 1290 occulto

200 1309 295 1372 locor
315 1310 392 1397 poni
409 1311 534 1398 jubeat,
550 1309 718 1394 circaque·
741 1317 988 1370 monumentum
1000 1305 1151 1371 multum
1167 1309 1239 1396 agri

200 1396 241 1460 ab
252 1403 262 1438 ²
275 1395 448 1460 heredibus
463 1397 497 1460 in
512 1394 648 1459 tutelam
662 1393 820 1474 cinerum,
835 1403 874 1456 ut
898 1391 989 1470 solet,
1010 1390 1099 1478 leget
1108 1403 1133 1472 ¹²,
1149 1403 1176 1433 ¹¹²¹
1189 1394 1238 1460 Sir

234 1609 247 1633 ¹²
266 1604 348 1652 divisio
360 1605 391 1653 G.
402 1605 466 1652 Jens.
531 1600 663 1664 ‘’quaiit.
736 1593 1099 1648 rsieG.Jens.otr.autat.‘
1165 1603 1240 1648 ttri-

201 1667 293 1715 bueina
304 1671 335 1717 G.
425 1679 434 1705 r
449 1669 506 1718 loco
516 1686 558 1716 om.
571 1669 602 1715 G.
617 1683 638 1714 ι.
725 1673 735 1699 ⁵
752 1667 893 1726 circaquod
904 1664 935 1711 G.
946 1665 1010 1711 Jens.
1021 1677 1080 1711 cum
1092 1666 1157 1725 quod
1168 1667 1198 1714 G.
1213 1684 1237 1717 2.

202 1735 388 1782 tadheredibus
400 1735 430 1782 G.
444 1749 467 1783 2.
558 1731 639 1793 uleg³
652 1731 683 1778 G.
697 1745 720 1778 2.
806 1737 835 1760 ¹¹¹²
854 1729 934 1776 SicV.
949 1729 1159 1792 0.Almel.marga
1169 1732 1238 1796 Vasa.

201 1801 278 1860 Supte.
291 1809 327 1860 ap.
340 1800 398 1846 Bur.
413 1799 471 1854 litus
483 1800 530 1846 hoc
543 1798 598 1845 casu
614 1795 710 1844 cultum
728 1794 759 1842 G.
775 1793 843 1841 littus
860 1793 953 1840 occatio
970 1794 1065 1841 cultum
1080 1797 1144 1842 tens.
1157 1797 1238 1858 Kapp.

203 1880 226 1912 2.
237 1875 259 1910 er
270 1865 312 1910 alii
323 1865 396 1911 MSS.
408 1874 445 1927 ap.
457 1865 515 1912 Bur.
533 1865 569 1911 Sit
580 1863 636 1910 litus
648 1863 696 1907 hoc
708 1859 803 1907 cultum
815 1858 869 1906 Atat.
882 1869 903 1905 er
914 1858 945 1904 at.
956 1859 1020 1906 editt.
1032 1859 1068 1906 Sit
1079 1858 1142 1909 latus
1152 1858 1237 1920 oecul'-

201 1940 256 1977 tum
273 1931 329 1990 leeg.
341 1939 362 1976 et
373 1929 426 1978 edit.
438 1929 469 1976 al.
482 1930 505 1974 in
522 1927 599 1993 quibus
616 1926 745 1988 Vascastmus
756 1925 834 1988 diserte
845 1923 930 1970 indicat
941 1923 1108 1984 ambiguitatem
1124 1923 1164 1988 ff
1179 1926 1239 1973 inter

201 1995 329 2042 occultum
340 2004 362 2040 et
373 1997 421 2041 hoc
433 1995 537 2042 cultum.
555 1995 596 2043 Sit.
608 1991 664 2040 litus
675 1991 759 2038 offano
770 1989 852 2036 cultus
865 1988 921 2037 Obr.
932 1987 1114 2052 nesciturundei
1127 1989 1158 2037 stt
1174 1989 1238 2041 latus

200 2059 277 2106 offarii
289 2061 336 2106 hoc
349 2059 445 2107 cultum
456 2061 510 2124 carrj.
523 2059 581 2106 Bur.

206 2297 210 2304 ¹
235 2259 265 2306 4.
290 2243 389 2306 emergit
410 2241 468 2306 illa]
499 2241 591 2294 Nobile
613 2258 694 2294 exem-
744 2237 846 2290 rillimoa
858 2238 930 2290 Fabii
943 2237 1011 2300 locos
1028 2238 1069 2290 hic
1081 2239 1122 2301 est,
1134 2251 1158 2292 et
1176 2241 1238 2296 olim
1329 2279 1330 2282 =

201 2309 282 2378 plum,
294 2327 347 2378 quo
362 2309 422 2361 olim
440 2310 520 2380 ipsum
537 2309 601 2361 forte
614 2313 695 2362 Zeno·
744 2307 823 2369 fuisse,
843 2327 873 2360 ex
892 2307 957 2359 mira
979 2309 1100 2360 librorum
1120 2313 1238 2364 varietate

203 2395 259 2430 nem
271 2379 341 2430 ulum
358 2379 475 2448 suspicari
486 2379 556 2447 pollis
568 2397 598 2430 ex
615 2381 695 2448 Diog.
745 2376 859 2446 colligas.
889 2379 947 2427 Hoc
964 2391 1025 2446 puto
1036 2381 1160 2442 convenit,
1172 2382 1242 2434 hisce

190 2449 289 2502 'Laert
311 2467 337 2512 7,
356 2453 401 2500 62.
422 2465 498 2517 quem
514 2451 567 2514 jam
585 2449 697 2502 laudarit
743 2447 827 2498 verbis
839 2459 933 2516 partem
944 2446 1017 2515 ipsius
1031 2447 1166 2501 testamenti
1177 2467 1239 2508 con.

203 2517 311 2587 Regius,
330 2517 438 2578 ubiest,
457 2520 694 2582 attemptaturum.
744 2518 827 2566 tineri.
857 2519 895 2568 Ea
918 2533 975 2568 vero
999 2517 1060 2584 quid
1082 2520 1239 2588 praecipiant,

203 2589 344 2659 Arripuere
362 2588 449 2642 deinde
470 2588 596 2655 Sophillae,
618 2599 641 2640 et
662 2588 697 2638 le·
745 2585 863 2637 dubium.
898 2587 1006 2647 Ludere,
1029 2587 1112 2647 credo,
1136 2589 1239 2655 letiores

204 2675 262 2728 gem
282 2659 383 2719 finxere,
404 2675 430 2710 v.
452 2675 479 2726 g.
500 2658 592 2708 Theon
610 2678 633 2726 p.
652 2676 695 2724 35.
747 2655 801 2706 suos
824 2657 904 2707 voluit
923 2657 978 2720 Jac.
1006 2657 1157 2720 Guthalus,
1181 2664 1238 2730 qui,

204 2729 266 2796 edit.
287 2729 388 2780 Camer.
407 2728 514 2788 Αὐλητρὶς
524 2731 620 2782 wintra
631 2730 698 2788 tnur-
746 2724 847 2776 laudato
863 2727 893 2776 de
914 2727 974 2791 Jure
995 2726 1069 2776 Man.
1089 2747 1114 2786 2,
1129 2747 1171 2792 31.
1190 2731 1237 2782 hoc

203 2798 305 2860 quera.
336 2798 447 2851 Putabat
467 2796 624 2848 Camerarius
644 2815 698 2848 arn·
744 2795 810 2856 loco,
833 2795 939 2860 subjicit,
960 2795 1084 2847 Occultos
1107 2795 1176 2850 locus
1195 2819 1238 2852 na·

204 2867 355 2936 higuitatem
367 2866 411 2922 elle
423 2869 448 2919 in
460 2869 566 2927 artrica,
577 2861 647 2936 qlrod
662 2867 697 2920 le·
746 2883 800 2916 men
818 2863 963 2933 rampafitum
979 2864 1020 2935 est,
1038 2869 1102 2935 quad
1112 2871 1237 2935 prndium

204 2938 233 3006 gi
250 2941 324 2989 etiam
343 2937 413 3007 possit
431 2939 490 2989 aet
504 2932 559 2994 ulra,
571 2938 698 3006 quomodo
746 2935 794 2986 vel
811 2953 900 3002 agrum
918 2935 1034 3002 defigunt,
1049 2938 1113 3013 quad
1123 2938 1186 2991 -divi
1195 2958 1237 2995 um

201 3007 279 3058 etiam
297 3008 336 3060 edi
355 3007 450 3059 curavit
468 3007 493 3058 in
510 3005 695 3064 Theonezsed
746 3015 771 3054 et
790 3003 924 3074 assianna
946 3004 1151 3072 ambiguitatish
1185 3020 1239 3064 erat

204 3077 360 3146 reprehensus
381 3077 413 3128 est
431 3093 445 3128 a
466 3073 547 3128 Paulo
565 3077 695 3145 Leopardo
739 3073 883 3142 plurimum.
902 3076 1018 3144 Egregie.
1044 3076 1194 3140 Tentemus,
1206 3097 1240 3132 an

203 3149 326 3199 emendat.
340 3167 366 3208 2,
378 3165 406 3209 4.
430 3146 508 3198 Rette
521 3145 595 3196 etiam
609 3149 694 3198 Theo·
744 3145 825 3196 dicere
842 3143 969 3214 possimus,
986 3145 1053 3212 quod
1070 3146 1237 3219 intelligatur.

203 3233 259 3266 nem
280 3218 345 3287 cepit
363 3217 503 3280 Henninius
526 3215 552 3265 in
575 3218 697 3278 {auinaue}
745 3215 832 3265 Primo
850 3216 976 3284 ponimus,
991 3214 1050 3266 litus
1067 3215 1111 3268 else
1129 3221 1184 3288 agri
1205 3222 1238 3274 ad

203 3287 284 3348 aptatu
296 3287 374 3352 §.48.
387 3289 433 3338 ubi
446 3289 505 3338 bene
517 3299 608 3345 inonet,
618 3285 695 3355 quod,
745 3283 836 3339 flumen
856 3283 895 3336 vel
913 3301 980 3335 mare
997 3283 1034 3336 fiti
1050 3297 1155 3354 partem.
1185 3293 1238 3344 De.

204 3355 286 3418 credo,
307 3358 425 3408 omnibus
444 3357 473 3422 in*
490 3368 598 3409 urentem
614 3357 697 3408 venire
746 3355 811 3416 inde,
834 3353 961 3409 suservare‘
983 3353 1078 3424 placeat
1099 3356 1238 3424 leblionem,

199 3423 293 3483 ¹necesse
303 3425 347 3486 est,
357 3427 410 3478 haec
422 3425 482 3476 talia
497 3426 609 3495 exenipla
619 3426 697 3476 osten·
746 3441 822 3492 quam
844 3426 872 3475 in
893 3435 962 3474 texto
980 3424 1118 3494 posuimus,
1140 3433 1239 3501 amphi.

203 3493 270 3554 dere,
293 3495 340 3546 sine
362 3496 516 3552 accentibus,
539 3507 564 3546 et
591 3496 699 3546 vocibus
746 3494 813 3548 bolla
829 3495 876 3544 erit
893 3495 918 3546 in
938 3497 1011 3546 verbo
1027 3495 1151 3558 occultum,
1168 3503 1238 3569 quod

204 3580 253 3614 uon
264 3564 395 3624 distinata,
406 3562 516 3632 scripsisti
527 3581 568 3616 eos
580 3565 696 3626 Graecos,
747 3563 852 3632 intelligi
864 3564 945 3633 potuit
957 3563 994 3618 vel
1007 3566 1122 3616 consueta
1132 3571 1237 3634 ratione,

204 3633 299 3700 quibus
320 3635 363 3686 isla
382 3635 502 3702 ambigua
520 3631 596 3695 suere,
609 3644 697 3682 arnu-
737 3633 942 3700 ſstacmltum,id
960 3634 1185 3700 estfabsconditum,
1198 3643 1238 3694 in.
1288 3674 1291 3684 ,

203 3712 421 3768 ‘restitutorium
433 3723 456 3752 r.
467 3715 489 3752 λ.
501 3702 627 3760 Publicar'i
635 3703 696 3772 quid
745 3703 880 3767 accessum
906 3701 944 3754 vel
963 3721 1021 3756 cum
1039 3703 1202 3774 adspiratione
1214 3725 1239 3766 et

205 3771 271 3822 sitin
289 3772 380 3842 puella,
393 3771 548 3825 Tertulliani
558 3775 640 3826 verbis
657 3773 696 3824 di·
745 3769 953 3834 divitis'vocibus,
962 3773 997 3839 fit
1011 3771 1069 3826 litus
1084 3774 1126 3827 hoc
1136 3780 1237 3844 cubum,

205 3859 302 3904 camos,
322 3841 339 3893 si
358 3843 403 3894 fiat
421 3841 527 3894 vittima
542 3843 697 3911 publicarum
746 3843 771 3894 id
790 3843 832 3905 est,
852 3842 959 3905 colatur,
971 3854 999 3894 ut
1017 3843 1048 3896 de
1068 3845 1150 3899 reditu
1169 3851 1239 3910 herta

203 3908 348 3964 libidinum:
376 3925 464 3967 notum
482 3913 513 3964 de
536 3913 694 3970 Floralibus:
745 3925 846 3972 tueatur
856 3927 1053 3968 monumentum.
1067 3915 1112 3968 Sed
1125 3935 1181 3970 cum
1195 3923 1240 3974 ad.

204 3995 263 4031 nota
274 3983 329 4034 ac'ta
339 3984 483 4052 Martyrum
491 3983 696 4036 Christianarum.
746 3983 885 4052 spirationis
904 3983 947 4034 illa
958 3984 997 4036 rel
1009 3985 1111 4049 adjt&io
1123 3989 1161 4040 vel
1171 3991 1239 4044 dilli.

203 4051 306 4102 Laudat
317 4053 358 4104 hle
376 4053 535 4108 Burmannus
548 4053 623 4106 Guil.
635 4055 697 4104 For·
746 4053 1240 4128 mulatioduriuscularldeatur,(quam.

203 4137 256 4172 ner.
275 4121 354 4174 select.
377 4142 401 4188 3,
414 4143 455 4174 21.
471 4136 496 4176 et
514 4119 580 4174 Rod.
594 4125 697 4176 Fornet.
747 4141 824 4193 quam
843 4141 871 4174 ea
889 4125 917 4174 in
933 4122 1053 4184 habunde,
1073 4123 1178 4191 harena,
1191 4129 1238 4182 ha.

204 4207 252 4242 rer.
265 4193 364 4259 quotid.
378 4197 403 4253 6,
419 4198 460 4244 16.
747 4193 824 4252 eundo
835 4205 859 4244 et
870 4193 977 4262 propriis
993 4195 1145 4262 ¹quibusdam
1162 4199 1240 4258 solen.

241 4280 267 4326 5.
280 4261 319 4314 Sit
328 4261 386 4332 litui
394 4261 522 4342 occultum]
534 4261 698 4322 Interobscu·
739 4264 812 4324 ¹nist
849 4275 874 4324 et
901 4259 996 4338 profert
1023 4263 1181 4320 Burmannus
1208 4289 1239 4326 eu
