3024 4912
237 384 295 466 ιε..
468 379 658 452 uranu
678 377 1025 448 curucrrnmnr

233 549 445 638 argumentis,
459 572 525 618 non
547 550 611 616 line
631 525 741 616 libeiis
761 562 884 638 patrem
905 545 1072 629 decessisse,
1093 543 1212 635 quibus
1234 539 1268 610 in

275 636 390 702 titione
411 638 485 703 usus
509 637 563 718 est,
577 648 615 702 ut
636 636 783 724 probaret
797 631 858 702 etse
878 637 910 700 se
924 635 1038 716 lilium,
1054 632 1107 698 nit
1131 632 1214 698 forte
1235 642 1269 710 et

261 721 292 788 ic
318 721 495 788 finitionem
519 734 639 802 movet,
655 723 709 786 An
733 721 820 787 liberi
833 719 897 808 stnt
920 721 1009 786 etiam
1030 744 1087 785 non
1109 717 1269 807 legitimi?

236 807 364 872 Cadent
376 808 387 874 i
414 807 478 874 itur
491 808 523 872 in
539 827 636 872 unam
648 819 663 848 ²
678 808 935 888 controversiam,
947 805 999 878 vel
1013 805 1187 903 specialiter
1202 803 1268 872 duo

234 891 373 980 legitimi
389 832 503 974 slatus,
518 893 629 980 scripti
643 906 671 957 et
684 891 862 972 voluntatis,
877 905 911 959 et
921 891 1124 1042 (yllogrsmun
1137 904 1171 954 et
1184 913 1269 978 prae·

233 979 322 1043 tere'a
323 977 430 1066 finitio
442 1007 452 1042 :
474 979 525 1044 vel
539 993 603 1044 tres
619 979 680 1058 illi,
694 977 752 1066 qui
766 991 878 1042 natura
892 977 925 1043 so
938 979 948 1042 i
960 979 1045 1057 sunt,
1060 977 1222 1066 comestura
1238 976 1270 1040 in

227 1063 339 1152 siripto
362 1060 391 1128 et
411 1063 577 1145 voluntate,
613 1065 725 1129 ualitas
752 1066 784 1128 in
794 1063 980 1152 syllogismo,
996 1075 1041 1142 et,
1061 1085 1135 1150 quae
1159 1084 1216 1148 per
1237 1061 1269 1126 se

235 1149 278 1212 est
293 1163 412 1236 aperta,
417 1149 535 1236 finitio.
582 1089 690 1238 tiarrffa
705 1172 846 1238 quoque,
861 1164 894 1214 et
909 1149 1059 1238 judicatio
1075 1161 1108 1212 et
1121 1148 1268 1218 continens
1281 1169 1328 1222 104

234 1234 277 1298 est
302 1235 334 1299 in
358 1235 448 1302 omni
470 1259 590 1324 genere
616 1235 803 1300 caussarum.
847 1235 943 1301 Nihil
964 1236 1053 1303 enim
1067 1233 1198 1314 dicitur,
1215 1233 1269 1298 cui

235 1343 300 1384 nou
326 1320 398 1386 infit
420 1323 512 1401 ratio,
529 1335 561 1386 et
577 1345 643 1410 quo
663 1320 824 1408 judicium
850 1319 1016 1400 referatur,
1032 1331 1066 1386 et
1088 1319 1177 1406 quod
1200 1341 1277 1392 remi

234 1405 375 1470 maxime
395 1408 573 1472 contineat.
617 1407 681 1472 Sed
718 1407 771 1472 uia
792 1407 897 1506 magis
912 1407 984 1474 haec
1007 1405 1166 1474 variantur
1178 1405 1210 1470 in
1226 1403 1268 1468 li-

233 1489 335 1572 tibus,
351 1502 385 1556 et
398 1491 463 1558 sere
478 1493 594 1558 tradita
607 1492 677 1558 sunt
690 1515 710 1558 a
746 1494 798 1572 iis,
814 1515 871 1579 qur
886 1492 926 1558 de
941 1490 1145 1558 'udicialibus
1160 1491 1270 1557 cauffis
1349 1517 1350 1525 ¹

234 1575 341 1664 aliqua
356 1578 613 1666 composuerunt,
629 1579 662 1642 in
677 1575 765 1644 illam
809 1593 910 1642 artem
932 1515 1126 1643 differantur.
1170 1577 1270 1659 Nunc

235 1661 313 1753 quia
327 1663 360 1728 in
376 1665 436 1728 tria
449 1686 568 1751 genera
581 1664 700 1730 caussas
714 1601 812 1743 divip,
828 1661 973 1728 ordinem
987 1664 1110 1750 sequar.
1275 1721 1276 1725 ,

278 1749 358 1812 VII.
384 1751 477 1834 (IX.)
499 1750 551 1814 Ac
576 1747 768 1836 potissimum
785 1747 937 1834 incipiam
953 1749 993 1814 ab
1008 1771 1046 1814 ea
1059 1761 1084 1828 ⁵,
1099 1771 1173 1834 quae¹
1188 1769 1271 1814 con-

235 1833 294 1897 stat
317 1833 408 1898 laude
420 1856 458 1900 ac
476 1836 542 1900 vitu
562 1835 700 1899 eratione.
743 1834 843 1902 Quod
883 1857 961 1900 enus
976 1834 1100 1898 videtur
1113 1834 1270 1900 Aristote-

233 1917 293 1998 les,
309 1930 407 2008 atque
432 1943 505 1988 eum
530 1851 656 1986 sicutne
679 1919 772 1986 Theo
793 1920 850 1988 h'ra
875 1943 926 2000 us,
950 1927 1078 2008 a'parte
1102 1919 1269 2006 negotiali,
1333 1920 1363 1992 J

234 2004 298 2070 hoc
318 2007 361 2068 est
376 2007 581 2090 πραγματικῆς
592 2009 617 2086 “’,
633 2006 753 2072 removi
777 2028 807 2084 e,
823 2017 989 2094 totamque
1010 2004 1050 2068 ad
1072 2005 1159 2072 solos
1177 2003 1269 2072 audi-

233 2102 320 2154 tores
334 2090 504 2178 relegafl'e:
532 2103 565 2154 et
588 2091 622 2156 id
644 2091 713 2179 ejus
728 2091 879 2169 nominis,
895 2091 983 2178 quod
997 2092 1038 2156 ab
1061 2089 1269 2156 ostentatione
1303 2123 1305 2126 ·

232 2175 375 2256 ducitur,
389 2175 552 2265 proprium
567 2179 622 2246 est,
660 2175 725 2242 Sed
738 2199 809 2244 rnos
823 2177 987 2246 Romanus
1000 2176 1115 2240 etiamc
1130 2173 1270 2264 negotiis
1284 2181 1305 2232 2

233 2259 298 2325 hoc
313 2283 432 2326 munus
445 2261 573 2326 inseruit
586 2261 612 2325 ⁶¹.
656 2263 742 2324 Nam
759 2273 795 2326 et
813 2259 963 2326 funebres
975 2261 1175 2326 laudationes
1187 2283 1269 2348 pen-

233 2344 314 2410 dent
328 2343 510 2434 frequenter
530 2367 569 2410 ex
584 2346 716 2434 publico
729 2347 839 2436 aliquo
862 2346 980 2427 officio,
996 2360 1093 2434 atque
1118 2369 1160 2412 es:
1179 2349 1270 2414 sena.-

234 2432 430 2496 tusconsulto
456 2431 692 2520 magistratibus
721 2433 803 2520 saepe
831 2431 1042 2500 mandantur:
1081 2444 1114 2496 et
1142 2429 1272 2499 laudare

232 2517 357 2598 testem,
378 2517 428 2582 vel
453 2532 576 2594 contra,
598 2519 737 2604 pertinet
758 2518 800 2583 ad
824 2531 1026 2584 momentum
1047 2517 1269 2606 judiciorum:

233 2616 268 2667 et
281 2603 350 2690 ipfis
365 2603 463 2668 etiam
476 2602 538 2668 reis
553 2603 628 2670 dare
641 2603 821 2670 laudatores
834 2604 928 2670 licet:
951 2617 985 2669 et
998 2603 1077 2670 editi
1091 2603 1124 2668 in
1139 2626 1271 2690 compe-

234 2689 408 2770 titores,.in
430 2689 470 2754 L.
487 2689 634 2775 Pisonem,
649 2689 706 2752 ine
731 2689 869 2756 Clodium
889 2701 923 2758 et
946 2689 1101 2764 Curionem
1119 2689 1206 2770 libri,
1223 2689 1271 2754 vi-
1308 2734 1309 2738 =

234 2773 468 2860 superationem
484 2773 663 2854 continent,
677 2787 831 2840 ettamen
846 2775 879 2840 in
898 2775 1018 2842 Senatu
1038 2775 1111 2842 loco
1125 2773 1200 2846 sunt
1212 2775 1271 2840 ha·

234 2859 298 2924 biti
320 2859 498 2924 sententiat
536 2861 595 2942 ,Ne
618 2883 661 2926 ue
684 2861 801 2928 infitias
826 2883 877 2942 en,
893 2861 1044 2948 quasdam
1070 2860 1130 2926 else
1153 2884 1194 2926 ex
1208 2861 1303 2931 hocs

260 2954 353 3010 encre
376 2947 523 3012 materias
533 2943 556 3025 f,
572 2884 617 3010 ad
636 2945 733 3014 solam
759 2948 947 3034 compositas
961 2947 1217 3026 ostentationem,
1236 2959 1272 3012 ut

233 2969 349 3094 iaudes
374 3030 520 3108 deorum,
545 3031 684 3102 virorum
709 3055 762 3112 ue,
785 3055 867 3120 quos
890 3033 995 3119 priora
1017 3046 1162 3118 tempora
1185 3030 1271 3098 tule-

234 3127 323 3180 runt.
368 3116 446 3180 Quo
467 3115 598 3180 solvitur
619 3055 748 3204 quaetpio
767 3117 858 3205 supra
878 3119 1031 3182 traciana:
1055 3115 1272 3182 manifestum-

236 3223 301 3288 que
320 3201 391 3266 'estg
414 3223 515 3265 errare
540 3223 607 3282 coe,
631 3201 687 3290 qui
710 3225 886 3290 numquam
913 3215 1071 3269 oratorem
1096 3201 1270 3284 dicturum,

236 3285 292 3375 nisi
310 3285 351 3350 de
364 3309 398 3350 re
412 3285 522 3366 dubia,
537 3301 741 3373 putaverunt,
786 3291 838 3352 An
854 3287 965 3354 laudes
981 3287 1155 3376 Capitolini
1169 3287 1270 3368 Jovis,
1283 3294 1307 3356 4

237 3384 391 3458 perpetua
405 3371 482 3436 sacri
497 3373 680 3438 certaminis
692 3374 835 3454 materia,
851 3373 900 3440 vel
915 3373 1023 3440 dubiae
1039 3374 1121 3453 sunt,
1137 3372 1187 3438 vel
1206 3396 1271 3438 non

237 3457 377 3522 oratorio
389 3480 508 3544 genere
522 3459 698 3524 tradantur
710 3462 723 3524 l·
746 3459 963 3535 Utdefiderat
976 3471 1084 3528 autem
1099 3459 1181 3540 laus,
1196 3483 1272 3548 quae

269 3687 284 3714 ²
299 3692 389 3726 vanarn
401 3678 432 3726 G.
474 3679 606 3726 atterebat
616 3693 654 3737 eo,
667 3680 740 3740 quod.
757 3678 803 3726 Sed
807 3679 878 3742 potest
886 3677 1018 3744 intelleaiffe
1028 3690 1129 3741 partem.
1179 3675 1275 3739 ὓπμγ.

236 3747 322 3805 ματιιιῆ
334 3743 365 3790 G.
376 3743 426 3790 vid.
440 3742 567 3807 Heqfingrr.
579 3744 610 3790 ad
621 3744 723 3792 Veclrmri
736 3743 870 3792 Hellenolex.
877 3755 903 3805 p.
916 3759 971 3804 392.
1015 3747 1069 3791 cin
1082 3745 1123 3806 inst
1134 3745 1164 3792 G.
1210 3739 1272 3789 “iu-

236 3809 305 3857 struit
316 3809 347 3857 G.
413 3813 462 3856 ‘et
473 3809 528 3858 G..
570 3808 741 3858 smasculinas
751 3811 814 3858 lens.
826 3809 924 3874 ulfiarde.
990 3815 1060 3856 ⁸om.
1073 3811 1105 3856 G.

250 4008 252 4012 ’
274 3989 339 4050 Vll,
360 4007 385 4040 r.
404 3985 550 4058 Aristoteles]
577 3987 637 4040 Vid.
659 3989 732 4059 supra
781 3989 812 4040 ad
824 3988 902 4040 Inscr.
917 3986 1018 4040 Athlet.
1031 4005 1057 4055 p.
1071 3989 1114 4048 64.
1137 3985 1198 4036 Vid.
1218 4003 1272 4036 nm-

238 4059 270 4112 ad
284 4077 307 4124 3,
320 4078 348 4120 4,
363 4077 388 4110 ι.
780 4060 840 4112 nino
857 4059 913 4110 Viri
931 4058 998 4110 dotti
1019 4058 1049 4108 ad
1067 4057 1151 4108 Sueto.
1172 4057 1271 4116 Domit.

275 4148 302 4193 4.
323 4127 452 4197 Capitolini
469 4127 560 4192 Jovis]
584 4127 684 4178 Laudat
702 4127 732 4180 de
780 4145 809 4190 4.
836 4129 880 4180 uhi
900 4127 974 4179 etiam
994 4127 1023 4178 de
1040 4126 1067 4178 h.
1085 4125 1105 4176 l.
1122 4124 1272 4195 disputatur,

238 4197 382 4268 Capitolino
401 4215 480 4266 agone
503 4199 661 4252 Bru-mannus
674 4199 731 4248 Sca·
781 4214 813 4250 an
832 4197 887 4250 solae
907 4197 977 4264 Jovis
995 4195 1080 4250 laudes
1091 4198 1194 4250 materia
1205 4195 1273 4248 illius

123 4268 126 4278 ¹
239 4267 285 4340 lig.
298 4269 381 4322 Aulo.
394 4266 451 4322 lest.
465 4287 489 4322 c.
505 4285 547 4322 ιο.
567 4279 590 4321 et
602 4267 730 4322 Falconer.
781 4269 924 4324 certaminis
936 4266 1037 4322 tuerint.
