3022 4920
399 365 453 428 IN
458 367 567 428 STIT.
592 365 795 428 ORATOR.
814 365 897 430 LlB.
917 367 959 428 11.
989 383 1036 426 η.
1191 383 1254 448 «ηρ

223 529 364 596 Primum
393 531 475 596 vitio
497 529 582 596 male
600 529 829 620 judicantium,
853 529 910 617 qui
936 529 1112 618 majorem*¹
1135 527 1256 615 habere

222 615 289 680 vim
309 616 445 682 credunt
462 639 511 698 ea,
534 639 609 705 quae
633 639 698 682 non
722 616 844 680 habent
866 627 992 682 artem:
1013 627 1050 679 ut
1073 613 1254 702 effringere,
1293 639 1294 642 ¹

245 724 320 766 uam
350 703 489 790 aperire3
517 725 587 768 rum
629 725 675 782 re,
700 723 796 789 quam
821 699 941 766 solvere
953 725 963 780 ;
994 699 1132 778 trahere,
1157 722 1256 798 quam

189 721 484 888 2d11oere,putant
502 789 582 854 robu
608 788 670 854 ius.
714 789 802 852 Nam
817 799 851 850 et
867 805 1111 864 ortoruron,
1126 808 1185 872 qur
1204 807 1255 850 ar-

223 891 350 938 morum
372 859 488 938 inscius
509 871 543 938 in
564 885 729 960 pugnam²
749 873 833 952 ruit;
857 883 890 936 et
911 873 1061 950 ludatur,
1100 871 1133 934 ui
1155 871 1256 938 totius

222 959 365 1044 corporis
380 959 471 1023 nisul’
493 958 528 1023 in
551 955 597 1037 id,
613 957 700 1044 quod
724 956 821 1022 semel
843 957 964 1036 invasit,
979 955 1088 1020 incutn
1113 957 1139 1020 it
1149 967 1173 1036 ⁸,
1190 955 1256 1020 for-

221 1041 286 1106 tior
305 1045 346 1108 ab
367 1045 419 1109 bis
440 1056 592 1127 vocabar
616 1065 693 1108 oum
718 1043 846 1108 interim
866 1055 900 1108 et
920 1042 974 1106 hic
996 1041 1179 1127 frequenter
1192 1041 1256 1106 suis

222 1127 344 1192 viribus
358 1129 423 1215 ipse
435 1129 649 1216 prosternitur,
658 1143 693 1194 ot
706 1127 817 1194 illumd
832 1126 1031 1192 vehementis
1044 1127 1184 1214 impetus
1199 1149 1256 1192 ex·
1266 1159 1356 1170 0-

188 1217 209 1284 3
225 1213 302 1300 cipit
321 1214 488 1280 adversarii
506 1213 612 1279 mollis
629 1214 794 1279 articulus.
838 1213 903 1278 Sed
929 1213 1001 1277 sunt
1023 1211 1057 1276 in
1079 1212 1140 1284 hac
1154 1223 1256 1298 parte,

224 1321 300 1385 quae
325 1295 491 1388 imperitos
511 1300 608 1364 etiarn
631 1299 815 1367 naturaliter
835 1297 965 1362 fallant:
990 1319 1065 1360 nam
1086 1311 1120 1362 et
1138 1297 1256 1384 divfio,

203 1391 207 1400 '
223 1404 299 1448 oum
315 1385 489 1472 plurimum
504 1385 607 1450 valeat
627 1383 660 1448 in
683 1384 804 1464 caussis,
819 1383 955 1474 speciem
977 1382 1093 1446 virium
1115 1382 1255 1446 minuit:

224 1481 259 1533 et
279 1471 373 1536 rudia
385 1457 495 1558 politis
509 1469 639 1559 majora,
655 1481 690 1534 et
711 1469 812 1558 sparsa
832 1465 1011 1555 compositis
1033 1467 1257 1547 numerosora,

258 1677 273 1704 τ
289 1671 398 1720 maxime
408 1673 439 1722 o.
519 1673 530 1700 ¹
549 1652 628 1721 a...
639 1673 669 1722 o.
682 1681 704 1722 a
719 1671 767 1718 ms
778 1669 832 1718 aar
842 1671 919 1734 par..
930 1679 965 1733 ap.
978 1671 1057 1718 norm:
1070 1671 1114 1734 ips.
1129 1669 1216 1734 ...pras
1231 1670 1259 1718 sn
1280 1645 1285 1655 '

228 1733 312 1784 licam.
376 1736 466 1788 bnixu
478 1737 509 1788 G.
520 1738 584 1786 Jens.
595 1753 661 1785 nexu
676 1737 853 1801 mry'icirBarm.
924 1736 1064 1784 eincubuit
1074 1737 1148 1785 MSS.
1158 1737 1226 1784 Jron.
1237 1744 1260 1783 et

134 1829 136 1834 ν
227 1797 291 1848 Ball.
301 1809 338 1863 ap.
350 1801 428 1852 Burm.
493 1803 505 1835 ⁸
525 1801 613 1864 ausast
621 1802 718 1866 legamus
730 1802 794 1851 illius
805 1801 845 1850 vel
855 1800 907 1850 illas
918 1803 1090 1850 vehementes?

265 1996 290 2030 r.
309 1987 431 2048 rumpere,
442 1997 516 2050 qaam
527 1977 643 2053 strivere]
667 1981 719 2036 Re·
768 1982 813 2042 cit,
819 1979 917 2052 jurgia,
929 1979 1025 2041 rixam,
1033 1977 1160 2048 prelium:
1173 1978 1260 2034 rixam

228 2046 300 2116 spicit
320 2051 393 2101 credo
414 2049 445 2100 ad
468 2050 562 2102 nodum
581 2051 719 2114 Gordium,
768 2051 848 2120 igitur
869 2049 980 2120 profesio
999 2051 1058 2102 vult¹
1073 2049 1189 2118 intelligi,
1208 2065 1260 2122 qua

226 2135 277 2170 non
289 2117 396 2171 solutum
408 2119 478 2172 illurn
486 2121 588 2190 quidem
599 2121 631 2172 ab
640 2121 720 2174 Alex·
769 2121 801 2172 ad
818 2137 906 2172 manus
917 2121 1025 2172 venitur.
1064 2118 1103 2170 Sic
1116 2121 1191 2171 etiam
1202 2119 1259 2173 hill.

228 2189 316 2249 andro,
329 2187 367 2240 sed
380 2187 464 2258 gladio
475 2201 588 2260 ruptum.
727 2243 729 2251 .
770 2209 796 2252 a,
809 2209 852 2253 27.
870 2189 917 2241 ubi
936 2189 966 2243 de
984 2189 1069 2241 eadem
1088 2205 1123 2250 re,
1137 2187 1228 2260 jurgia
1244 2205 1261 2240 a

264 2275 292 2308 2.
310 2256 337 2310 in
350 2267 461 2327 pugnam
478 2259 541 2326 ruis]
562 2263 625 2314 Haec
648 2257 721 2313 let‘lio
768 2259 833 2312 rixis
850 2259 951 2330 separat.
989 2257 1145 2328 Sanguineas
1159 2257 1262 2311 Horatii

229 2326 261 2379 iis
269 2328 354 2380 deberi
364 2329 471 2390 videtur,
482 2331 527 2400 qui
537 2327 633 2390 rixam,
643 2347 719 2399 quarn
768 2329 842 2382 rixas
852 2341 970 2399 praetereo
980 2328 1067 2380 sciens.

228 2396 320 2450 habent
331 2397 391 2450 libri
402 2399 492 2468 optimi
508 2401 602 2468 quivis,
614 2399 663 2452 huc
675 2416 719 2469 pa·
805 2419 831 2450 2.
850 2398 1026 2470 corporisnr‘su]
1040 2395 1113 2450 Nessa
1125 2399 1187 2452 mihi
1196 2417 1260 2468 qno-

228 2484 286 2518 rum
310 2470 440 2522 convenire
461 2469 595 2522 crederent.
632 2469 720 2522 Multo
769 2487 818 2540 que
829 2468 983 2522 vehementer
994 2467 1099 2538 placeret
1113 2467 1176 2536 (vid.
1188 2467 1261 2538 supra

228 2535 351 2588 eruditius
368 2535 554 2608 elegantiusque
563 2538 639 2606 stram
662 2539 720 2592 sub·
770 2540 879 2600 adm,
895 2539 951 2606 13.)
970 2537 1013 2589 nisi
1030 2537 1152 2602 adjetlum
1168 2537 1260 2589 incum-

229 2605 297 2658 stimi
308 2604 484 2678 posseconjecit
495 2607 721 2662 doliissrmueBur-
769 2607 806 2660 his
821 2607 852 2660 ad
868 2607 944 2679 mstsm
961 2607 1000 2660 vel
1011 2607 1097 2660 nissum
1114 2608 1198 2680 aptius
1217 2623 1260 2660 ca-

230 2692 346 2728 mannue.
383 2676 440 2740 Sed,
451 2677 495 2730 niti
508 2675 590 2740 fallor,
601 2675 663 2730 rixa
681 2679 721 2730 hic
769 2679 826 2732 dere
836 2678 968 2730 videretur.

230 2744 313 2796 locum
325 2746 428 2816 optime,
440 2765 485 2818 pro
496 2747 565 2800 illius
577 2747 678 2818 quidem
688 2766 722 2800 ae-
806 2750 839 2798 2!
850 2745 927 2799 mollis
942 2745 1074 2812 articulus]
1096 2743 1203 2808 Mollem,
1221 2745 1261 2798 vel

230 2815 291 2866 tatis
302 2832 368 2866 more
378 2825 473 2870 tuetur.
510 2816 722 2884 Rixamsucorum
771 2819 822 2888 ipsa
833 2829 857 2870 et
875 2817 982 2886 mologia
999 2817 1120 2876 suadente,
1133 2813 1176 2867 esse
1187 2813 1262 2869 modi.

231 2883 349 2952 etapium
359 2897 433 2938 vocat
445 2885 583 2939 Columella
595 2908 620 2954 9,
637 2904 681 2952 ις,
693 2904 720 2950 4.
769 2887 826 2946 lem,
839 2836 899 2940 alias
911 2887 1080 2944 observatum:
1094 2897 1117 2936 et
1130 2883 1261 2936 laudatum

249 2971 288 3014 υτ
300 2954 332 3006 ad
343 2972 412 3008 anne
423 2955 515 3026 semper
526 2957 602 3017 venit,
616 2955 722 3010 linetae·
772 2957 834 3008 illud
846 2955 944 3020 Ovidii,
956 2955 985 3008 Si
995 2953 1076 3008 mollia
1087 2953 1199 3016 brachia,
1203 2953 1261 3024 sal-

230 2971 262 3076 de
280 3025 324 3076 vix
343 3025 479 3096 peragitur.
509 3027 587 3078 'idem
605 3029 630 3086 8,
652 3044 676 3089 3,
696 3043 721 3092 5.
771 3027 876 3080 tarhuc
888 3028 913 3084 in
924 3027 1012 3099 primis
1023 3023 1204 3078 faciuntmolles
1215 3039 1260 3075 ar·

230 3091 370 3165 rixosarum
383 3094 474 3146 avium
491 3095 592 3167 lanistas
607 3093 681 3157 ridet,
695 3097 721 3148 h.
771 3095 848 3157 siculi,
860 3095 887 3148 h.
899 3115 922 3148 e.
936 3095 1009 3148 facile
1020 3097 1047 3148 in
1064 3094 1127 3146 banc
1139 3093 1177 3146 vel
1191 3092 1261 3146 illam

231 3181 255 3214 e.
274 3165 319 3232 qui
331 3162 410 3233 gallos
422 3165 453 3216 ad
466 3165 567 3218 vulnera
582 3175 723 3218 ermonem
771 3177 866 3247 partem
888 3165 1003 3227 mobiles,
1026 3175 1057 3218 ut
1079 3163 1119 3214 vel
1138 3162 1261 3216 declinare

250 3249 357 3301 ngnaces
375 3233 476 3288 alerent.
513 3238 553 3288 Sic
569 3235 600 3286 de
634 3235 722 3288 erdici·
771 3247 891 3308 tmpetum
907 3246 984 3306 atque
1000 3235 1096 3288 eludere
1106 3244 1131 3284 et
1141 3231 1191 3284 alio
1207 3247 1262 3284 ver·

231 3249 280 3354 Eue
293 3303 355 3354 inter
373 3303 395 3356 se
413 3307 584 3374 pugnantibus
596 3253 663 3357 Plin.
679 3323 721 3368 ro,
771 3316 821 3359 tere
827 3303 928 3426 possint,
940 3303 979 3360 vel
997 3305 1050 3376 ipsa
1060 3303 1178 3356 mediocri
1193 3301 1262 3356 cessi-

221 3370 724 3454 ,332s3515tt11217-s·¹8·,de³·
769 3391 817 3427 one
838 3391 948 3454 reagere.
996 3441 1025 3456 ..
1112 3439 1160 3452 ..
1252 3441 1259 3454 ·

231 3440 723 3588 {tbdtltsslfflb'zxt‘suits
771 3461 836 3569 ..1313
843 3441 1261 3578 stiilsst'lmttlnll

231 3581 369 3634 mantibus.
406 3581 446 3635 De
467 3582 592 3636 militibus
613 3585 723 3636 Tacitus
772 3583 922 3651 rem,quod-
965 3599 1005 3636 rro
1021 3581 1199 3654 expesiandum
1214 3580 1262 3646 fist

232 3647 289 3702 hist.
305 3669 329 3712 r,
339 3653 383 3715 64.
414 3651 531 3720 Jonorn
550 3653 725 3722 (nequeenim
774 3653 841 3722 qood
853 3652 869 3706 sr
880 3653 931 3706 omi
950 3651 1262 3723 apartitioest,novaom-

232 3719 390 3772 necessarium
417 3723 517 3775 videtur
543 3735 640 3775 mutare
668 3739 725 3776 eum
773 3725 817 3776 nia
836 3722 1003 3783 audientibus,
1022 3721 1144 3792 imperitis
1162 3719 1263 3790 praeser·

233 3788 399 3842 memmemio
407 3789 535 3862 injurgia)
544 3791 661 3862 primum,
669 3809 727 3847 mox
774 3793 832 3854 tim,
843 3803 868 3844 et
879 3790 1011 3861 improvisa
1021 3791 1147 3844 accidunt.

236 3857 386 3912 nrxrinter
400 3857 514 3924 Batavos
530 3871 555 3915 et
571 3861 725 3942 legionarios,
778 3899 780 3904 -
811 3880 835 3928 3.
853 3860 1031 3930 numerosam]
1059 3860 1090 3913 Id
1110 3859 1152 3922 est,
1172 3858 1262 3931 plura3

233 3926 292 3980 dum
303 3925 340 3980 bis
351 3939 397 3982 aar
412 3929 460 3982 illis
462 3930 550 4001 studia'
564 3930 668 3984 militum
678 3932 725 3984 ad-
773 3948 804 3986 ne
823 3933 881 4002 quis
901 3930 932 3983 de
951 3948 1049 3985 numero
1069 3929 1114 3999 qui
1129 3927 1264 4000 rhythmus

229 4007 380 4066 gregantur,
387 4007 463 4070 prope
474 4000 500 4056 in
513 4016 668 4055 raretum
680 4017 726 4054 ex·
773 3999 816 4062 est,
828 4001 933 4084 cogitet.
969 4001 1094 4054 Ceterum
1105 4011 1206 4070 apparet
1217 3999 1265 4057 hoc

233 4069 326 4137 arsere.
363 4069 422 4122 Non
432 4069 465 4123 est
479 4071 521 4124 hic
532 4069 621 4124 Florus
633 4071 725 4144 aliquis
773 4072 849 4124 etiarn
865 4087 892 4122 rn
908 4071 1068 4142 corporibusr
1087 4067 1222 4140 lignorum,
1234 4082 1271 4142 ut

233 4137 281 4259 {poi
308 4136 437 4208 loquatur,
459 4139 498 4194 sed
526 4139 726 4212 prudentissimus
774 4139 822 4204 boc
841 4155 908 4204 utar,
927 4157 1028 4194 acervus
1050 4141 1185 4202 maximus,
1201 4139 1219 4192 sr
1234 4140 1266 4193 in

245 4205 357 4276 criptorr
375 4207 417 4263 bic
433 4221 483 4264 tres
494 4209 562 4282 quali
579 4210 675 4283 gradus
690 4208 729 4272 ft·
774 4209 865 4265 struem
882 4209 1024 4276 ordinatam
1041 4219 1212 4282 componatur,
1228 4208 1267 4263 lo-

280 4308 370 4383 ros.
388 4311 416 4362 1.
801 4313 816 4370 r
