3022 4920
420 371 590 456 nusum:
615 381 817 457 on'aaon.
844 398 927 478 ma.
948 400 989 459 11.
1015 417 1045 475 3.
1210 374 1274 483 εἴ

158 579 205 629 ἠ
217 561 267 627 At
280 583 366 626 nunc
380 559 471 648 proni
494 572 589 646 atque
609 559 765 625 succindi
783 562 823 625 ad
845 583 973 627 omnem
990 561 1159 629 clausulam
1181 587 1247 632 non
1268 565 1272 573 '

217 649 414 734 exsurguntt
437 645 545 725 modo,
561 647 789 711 verumetiam
814 661 994 728 excurrunt,
1010 663 1043 714 et
1063 671 1136 713 cum
1153 651 1246 716 inde-

216 751 292 798 cora
306 733 500 797 exultatione
522 730 735 798 conclamant.
781 733 819 796 ld
833 747 982 818 mutuum
1006 737 1060 815 est,
1076 749 1109 799 et
1127 737 1172 800 ibi
1188 737 1246 801 de-

215 819 417 882 clamationis
432 817 569 882 fortuna.
615 817 703 881 Hinc
722 831 829 883 tumor
843 831 876 883 et
890 841 970 883 vana
983 821 1023 884 de
1037 821 1068 884 se
1082 821 1245 906 persuafiO,

216 905 314 990 usque
329 905 420 984 adea,
435 903 544 968 utillo
559 903 846 991 condiscipulorum
869 900 1011 970 tumultu
1025 904 1137 985 inflati,
1153 908 1172 970 fi
1188 931 1246 994 pa-

215 1005 287 1054 rum
309 1013 328 1053 a
348 1002 542 1076 praecepto're
563 988 745 1068 laudentur,
767 990 820 1076 ipsi
846 989 967 1055 de'illo
991 991 1074 1056 male
1098 991 1244 1058 sentiant.

162 1093 200 1159 13
211 1075 279 1138 'Sed
290 1075 324 1138 'se
340 1095 469 1162 quoque
490 1087 700 1160 praeceptores
715 1075 837 1139 intente
861 1097 897 1140 ac
912 1077 1059 1140 modeste.
1069 1077 1173 1142 audiri
1188 1101 1245 1143 ve-

217 1161 298 1224 lint:
323 1183 387 1223 non
409 1161 493 1224 enim
512 1159 636 1246 judicio
650 1159 876 1247 discipulorum
898 1161 1002 1226 dicere
1022 1162 1118 1226 debet
1139 1164 1244 1252 magi-

216 1248 286 1325 ster,
305 1245 358 1310 sed
383 1245 527 1332 discipuli
547 1245 699 1332 magistri.
745 1247 846 1325 Quin,
870 1249 891 1310 fi
917 1247 984 1311 fieri
1010 1249 1245 1336 potest,'inten-

216 1331 340 1396 dendus
354 1331 481 1396 animus
495 1331 529 1394 in
544 1331 607 1394 hoc
623 1352 761 1416 quoque,
777 1345 815 1395 ut
831 1333 904 1418 pers
922 1331 997 1396 iciat
1010 1355 1082 1418 quae
1098 1335 1260 1420 quisque,·

216 1427 248 1481 et'
269 1417 432 1503 quomodo
453 1415 582 1480 laudet:
607 1429 640 1478 et
655 1417 789 1501 placere,
805 1439 878 1502 quae
900 1355 1094 1496 benedicet,
1111 1440 1174 1481 non
1190 1419 1246 1484 suo

214 1503 331 1590 magis,
348 1525 444 1588 quam
467 1524 578 1565 eorum
594 1503 725 1564 nomine
745 1501 933 1581 deludetur,
949 1503 1004 1589 qui
1022 1504 1107 1568 redte
1116 1503 1245 1590 judica-

162 1601 203 1664 14
215 1589 305 1652 bunt.
342 1589 460 1651 Pueros
476 1586 728 1652 adolescentibus
742 1587 847 1651 sedere
861 1589 1047 1674 permixtos,
1064 1611 1126 1652 non
1143 1590 1248 1674 placet

80 1677 83 1682 ’
145 1713 146 1716 =
211 1673 308 1737 mihi.
352 1675 439 1736 Nam
461 1672 580 1736 etiamst
600 1671 647 1735 vir
668 1673 752 1750 talis,
768 1673 894 1758 qualern
911 1675 970 1737 else
993 1686 1117 1760 oportet
1138 1675 1246 1740 studiis

214 1757 417 1844 moribusque
439 1759 651 1844 praepofitum‚
673 1759 843 1822 modestam
865 1758 981 1823 habere
1004 1761 1103 1844 potest
1125 1761 1246 1825 etiam²

207 1841 430 1930 juventutem:
455 1857 561 1906 tamen
575 1845 627 1907 vel
641 1843 808 1906 infirmitas
822 1867 841 1906 a
854 1845 1078 1908 robustioribus
1099 1846 1244 1931 separan-

214 1929 254 1992 da
275 1930 338 2009 est3
362 1943 395 1993 et
413 1949 631 2001 cananeum
659 1951 722 1992 non
746 1928 847 1992 solum
869 1929 1001 1993 crimine
1024 1931 1244 2015 turpitudinis,

161 2025 199 2095 15
215 2037 324 2078 verum
357 2015 454 2078 etiam
477 2013 660 2099 suspicione.
706 2015 795 2100 Haec
812 2015 952 2078 notanda
976 2015 1113 2079 breviter
1136 2017 1244 2080 exilii-

160 2103 162 2107 ’
212 2100 309 2165 mavi.
353 2102 439 2164 Nam
467 2113 504 2163 ut
520 2099 597 2163 abfit
612 2101 652 2163 ab
672 2099 797 2164 ultimis
812 2100 897 2162 vitiis
919 2101 983 2186 ipse
1005 2117 1190 2187 praeceptor,
1206 2124 1249 2168 ac

105 2231 108 2236 s
211 2185 330 2266 schola,
348 2207 389 2249 ne
405 2185 649 2272 praecipiendum
667 2184 799 2271 quidem
821 2185 927 2254 credo,
971 2187 1044 2249 Aca
1064 2185 1172 2272 siquis
1188 2189 1257 2267 est,
1327 2235 1330 2246 i

212 2272 269 2356 qui
284 2271 406 2358 flagitia
421 2271 581 2334 manifesta
595 2271 627 2332 in
643 2270 816 2358 deligendo
832 2271 888 2333 filii
907 2283 1100 2356 praeceptore
1115 2294 1178 2336 non
1194 2269 1244 2336 vi-'
1299 2311 1300 2314 =

211 2366 270 2434 tet,
282 2355 348 2442 jam
366 2356 442 2420 hinc
465 2357 552 2434 sciat,
570 2369 673 2419 cetera
692 2377 833 2442 quoque,
850 2373 922 2442 quae
945 2355 984 2419 ad
1005 2356 1175 2420 utilitatem
1185 2358 1243 2443 ju-

211 2444 353 2506 ventutis
374 2463 565 2528 componere
586 2463 749 2520 conamur,
765 2441 824 2504 effe
842 2441 909 2520 fibi,
927 2440 988 2504 hac
1009 2455 1098 2528 parte
1119 2443 1241 2524 omissa,
1299 2475 1319 2504 e
1345 2475 1348 2486 =
1395 2473 1399 2482 v

208 2526 411 2612 supervacua.
496 2551 498 2556 ·

253 2614 314 2676 ΙΙΙ.
345 2613 399 2676 Ne
420 2611 546 2676 illorum
573 2611 704 2699 quidem
729 2609 879 2696 persuasio
907 2611 1029 2674 silentio
1055 2612 1243 2684 transeunda

170 2753 173 2758 ,
209 2696 263 2776 est,
286 2698 354 2784 qui,
375 2697 476 2761 ‘etiam
500 2721 575 2762 cum
602 2697 734 2760 idoneos
758 2695 877 2758 rhetori
901 2719 1013 2782 pueros
1039 2709 1242 2782 putaverunt,

210 2803 274 2843 non
293 2796 400 2844 tamen
416 2783 570 2846 continuo
584 2781 753 2846 tradendos
768 2781 1010 2844 eminentiffimo
1025 2781 1171 2862 credunt,
1187 2783 1243 2848 sed

210 2865 296 2950 apud
310 2866 449 2928 minores
464 2859 660 2952 aliquamdiu
673 2867 837 2930 detinent:
861 2879 1026 2951 tamquam
1043 2866 1243 2932 instituendis

209 2949 332 3014 artibus
356 2949 461 3038 magis
483 2951 518 3014 fit
543 2965 617 3038 apta
639 2950 841 3014 mediocritas
864 2951 1079 3036 praeccptoris‚
1103 2975 1175 3016 curn
1200 2953 1241 3018 ad

210 3034 410 3101 intelled'rum
427 3047 521 3122 atque
543 3037 754 3100 imitationem
777 3035 910 3114 facilior,
929 3047 998 3098 tum
1014 3037 1053 3099 ad
1068 3037 1239 3124 suscipien-

175 3119 265 3183 udas
285 3121 518 3186 elementorum
544 3122 700 3186 molestias
725 3121 832 3185 minus
856 3122 999 3208 superba.
1045 3122 1120 3188 Qua
1146 3125 1178 3188 in
1205 3146 1240 3190 re

208 3205 291 3268 mihi
313 3229 377 3271 non
403 3207 538 3271 arbitror
558 3207 615 3274 diu
636 3205 856 3284 laborandum,
873 3221 910 3270 ut
930 3207 1101 3286 ostendam,
1118 3222 1238 3291 quanto

208 3290 245 3353 fit
268 3291 383 3355 melius
397 3293 527 3381 optimis
549 3293 663 3369 imbui,
679 3303 861 3376 quantaque
876 3291 909 3354 in
926 3291 1081 3370 eluendis,
1098 3316 1171 3378 quae
1188 3295 1237 3356 se-

207 3376 468 3458 melsinsederint,
484 3377 582 3459 vitiis,
597 3377 766 3444 difficultas
782 3377 1009 3463 consequatur:
1033 3399 1108 3444 cum
1130 3378 1237 3465 gemi-

344 3591 356 3624 t
374 3580 492 3642 assurgent
503 3583 534 3630 G.
547 3590 621 3629 contra
627 3591 653 3643 p.
666 3599 689 3628 a.
700 3599 734 3630 no.
746 3595 770 3630 v.
834 3586 848 3614 ²
864 3587 887 3626 et
898 3578 929 3626 G.
994 3585 1006 3609 ²
1023 3587 1048 3624 at
1059 3577 1092 3627 G.

242 3757 284 3791 η,
302 3739 452 3811 clausulam]
480 3743 529 3793 Hic
553 3739 695 3812 snnpliciter
777 3751 829 3792 ἠ.
858 3738 892 3790 ibi
911 3738 1093 3792 declamationis
1105 3739 1233 3806 fortuna]

204 3809 317 3878 intelligo
333 3809 407 3862 finem
425 3809 528 3880 periodi,
545 3825 575 3862 ut
593 3813 650 3863 Cic.
664 3813 695 3878 de
714 3815 717 3822 “
746 3809 787 3861 Ita
799 3811 859 3860 bene
871 3808 907 3860 vel
920 3809 982 3860 male
995 3809 1125 3879 proceffille
1137 3810 1179 3860 srbi
1191 3811 1234 3870 de-

204 3881 277 3929 Orat.
298 3899 322 3944 3,
339 3897 381 3944 50.
419 3879 546 3950 Clausulas
562 3891 644 3931 autem
656 3881 694 3931 di·
744 3879 916 3930 clamationem
931 3881 1092 3940 arbitrantur,
1104 3891 1133 3930 ut
1145 3880 1234 3930 immo-

203 3945 316 4014 ligentius
332 3948 559 4019 etiumfiarvandas
573 3949 614 4018 effe
625 3949 694 4001 urbi·
743 3949 826 4000 derate
838 3947 875 3998 vel
892 3948 988 3998 modice
1006 3947 1099 3999 laudati
1117 3949 1189 4000 sunt:
1209 3959 1234 4001 et

204 4025 266 4076 tuor,
285 4035 358 4086 quam
370 4017 512 4087 stupericra,
532 4022 595 4090 quud
612 4018 638 4070 in
658 4019 695 4071 his
744 4033 774 4069 ne
795 4017 909 4070 excidant
928 4017 1056 4078 laudibus,
1073 4033 1114 4070 eas
1130 4017 1234 4070 laudan·

203 4083 312 4137 maxime
318 4087 435 4156 perutilia
445 4097 518 4158 atque
529 4087 641 4158 absolutio
646 4089 691 4156 ju·
741 4087 781 4138 dis
800 4085 856 4140 aliis
874 4089 960 4140 mereri
977 4096 1003 4138 et
1019 4103 1104 4163 parare
1120 4087 1166 4142 fibi
1183 4087 1234 4140 stu·

202 4153 385 4207 ditatum—in
400 4157 509 4210 oratione
521 4159 606 4226 prima
616 4156 693 4226 pauci
713 4167 719 4176 '
739 4157 808 4209 dent.

201 4233 313 4286 cernunt,
321 4226 442 4295 postrema
448 4223 558 4299 plerique
568 4231 620 4281 &a

752 4329 813 4394 ⁰4
