3000 4908
439 325 607 424 rusrir.
628 361 834 438 oniron.
853 359 938 426 utu
957 364 1001 424 v:
1020 377 1049 443 7·
1198 365 1259 444 ⁸69

175 531 216 602 27
231 524 315 605 terit,
331 523 461 596 infamia
472 525 645 592 eriminum
660 525 875 592 destruendus.
920 527 1040 592 Probos
1052 526 1203 614 quosdam
1227 525 1262 596 et
1342 563 1346 571 Δ

230 611 428 678 verecundos
451 635 517 676 non
539 611 643 699 aspere
666 610 813 675 incessere
834 609 975 697 profuiti
999 633 1072 674 nem
1094 612 1186 699 saepe,
1202 616 1260 704 qni

228 694 374 762 adversus
403 697 610 762 insestantem
645 695 844 783 pugnassent,
873 695 1024 760 modestia
1057 697 1258 784 mitigantur.

229 781 345 848 Omnia
370 795 478 847 autern
503 781 720 868 interrogatio·
734 793 788 844 out
816 781 869 844 in·
894 783 993 866 ¹caroffi
1016 782 1070 860 est,
1093 795 1149 846 ant
1173 798 1260 850 extro
1314 789 1318 806 '

229 867 370 953 constant.
413 867 454 932 In
467 868 577 953 coraffiz,
593 867 670 932 ficut
684 865 856 930 accusatori
875 865 1093 953 precepimus,
1107 881 1261 954 patronus

229 973 359 1050 quoque
373 951 480 1031 altine,
496 965 530 1019 et
544 951 630 1016 unde
644 949 727 1014 nihil
741 949 873 1050 suspetti
887 950 932 1030 sit,
948 951 1081 1036 repetita
1095 969 1260 1038 perconta-

193 1075 201 1095 χ
230 1049 330 1116 tione,
355 1037 460 1123 priora
487 1036 691 1134 sequentibus
713 1033 919 1122 applicando,
944 1035 1024 1122 saepe
1052 1058 1090 1102 eo
1112 1040 1260 1121 perducit

176 1111 216 1181 28
230 1121 390 1201 homines,
415 1134 453 1186 ut
476 1121 596 1200 invrtis,
621 1119 709 1207 quod
792 1120 840 1199 fit,
865 1134 1064 1208 extorqueat.
1109 1123 1187 1208 Ejne
1203 1127 1261 1192 uei

230 1207 293 1272 srne
318 1206 419 1272 dubio
433 1227 494 1272 uec
513 1205 680 1290 disciplina
703 1229 724 1270 u
749 1227 770 1270 a
789 1205 823 1269 in
845 1204 973 1283 soholia,
989 1229 1050 1270 nec
1073 1209 1261 1276 exereitatio

230 1292 389 1358 triditur:
421 1304 455 1356 et
478 1291 614 1356 naturali
638 1289 742 1376 magis
766 1287 925 1368 acumine,
936 1304 997 1354 ¹ont
1018 1291 1077 1356 usu
1099 1293 1259 1381 contingit
1366 1293 1368 1300 '

229 1376 303 1452 haeo
317 1377 429 1445 virtue.
473 1377 508 1442 Si
521 1375 640 1461 'equod
662 1388 770 1438 tamen
784 1373 966 1460 exemplum
982 1375 1022 1439 od
1046 1377 1258 1445 imitationem

163 1483 166 1490 ·
230 1460 508 1529 demonstrandum
524 1459 572 1540 fit,
588 1458 689 1524 solum
710 1460 764 1538 est,
779 1458 866 1545 quod
888 1483 924 1523 ea
944 1460 1072 1549 dialogis
1094 1463 1259 1529 Socratico.

230 1571 310 1624 ram,
334 1546 540 1632 *maximeque
563 1544 712 1622 Plotonrlr,
734 1543 811 1614 duci
830 1545 954 1634 potest:
982 1545 1015 1608 in
1038 1547 1155 1634 quibua
1175 1549 1260 1614 adeo

230 1631 317 1696 scitae
341 1630 413 1696 sunt
435 1629 713 1718 interrogationes,
728 1641 777 1707 ut,
800 1641 900 1694 oum*
928 1629 1084 1716 plerisque
1104 1633 1186 1698 bene
1205 1655 1258 1698 re·

230 1713 430 1800 spondeatur,
446 1737 495 1780 res
511 1727 618 1780 temen
633 1714 672 1783 ed
694 1713 740 1792 id,
755 1715 842 1798 quod
863 1712 976 1778 volunt
996 1717 1131 1797 efficere,
1146 1740 1260 1804 per-ve.

177 1807 218 1876 29
233 1800 309 1867 niet.
354 1799 438 1866 Illud
453 1799 581 1866 fortuna
593 1799 721 1864 interim
737 1799 875 1886 prestat,
891 1812 930 1864 ut
951 1799 1083 1886 aliqnid,
1099 1803 1185 1888 quod
1204 1805 1259 1868 in·
1278 1819 1283 1824 “

231 1897 281 1950 ter
294 1885 324 1950 se
344 1907 458 1972 parurn
484 1885 669 1964 consentiat,
685 1907 704 1948 a
720 1884 797 1948 teste
816 1885 962 1948 dicatum
993 1884 1134 1968 iuterim,
1158 1890 1260 1976 (quod

230 1970 342 2058 sepius
356 1971 475 2050 euenit)
494 1981 531 2034 ut
548 1970 633 2034 testis
653 1970 721 2034 testi
744 1969 862 2033 diversa
882 1968 979 2034 dicat.
1022 1972 1130 2036 Acuta
1150 1988 1259 2038 autem
1356 1975 1363 2007 ³

182 2079 185 2090 ·
231 2054 439 2143 interrogatio
462 2054 503 2120 ad
529 2055 604 2134 hoo,
642 2054 706 2118 uod
727 2054 799 2120 casu
821 2053 889 2120 fieri
909 2053 999 2133 solet,
1020 2055 1259 2125 etiamratione

177 2153 220 2219 30
230 2142 393 2228 perducet.
438 2142 540 2208 Entro
553 2077 683 2226 corbin
697 2161 824 2226 quoque
839 2137 953 2216 multa,
969 2159 1043 2227 quae
1063 2143 1191 2228 prosint,
1202 2166 1259 2208 ro-

203 2244 205 2249 ·
230 2227 324 2314 gerid
345 2226 458 2305 solent,
474 2223 515 2290 de
540 2226 605 2290 vita
626 2225 748 2290 testium
773 2224 922 2302 oliorum,
936 2224 978 2288 de
1001 2226 1057 2292 sua
1078 2228 1221 2314 quisque,
1238 2227 1259 2293 si

230 2311 409 2398 turpitudo,
426 2312 446 2374 fi
466 2311 641 2387 humilitas,
658 2311 681 2376 sr.
699 2309 839 2374 amicitia
854 2309 1095 2390 ,aenusatorinsr
1119 2313 1259 2378 inimici·

231 2395 286 2460 tiae
309 2419 384 2460 oum
399 2417 475 2460 reo:
502 2395 536 2458 in
560 2395 678 2481 quibus
693 2409 750 2460 aut
771 2395 880 2459 dicant
903 2393 1037 2479 aliquid,
1076 2397 1139 2462 uod
1153 2400 1259 2486 profit,
1305 2441 1306 2444 =

231 2496 289 2565 eut
302 2480 335 2543 in
355 2479 525 2546 mendacio
543 2480 592 2543 vel
614 2479 789 2565 cupiditate
810 2478 948 2544 laedendi
969 2420 1259 2566 deprdirendantur.

111 2569 114 2576 '
177 2571 217 2640 31
233 2565 298 2630 Sed
312 2565 343 2628 in
360 2564 470 2650 primis
483 2565 674 2652 interrogatio
688 2565 772 2628 debet
785 2563 1066 2651 effocirdumspotlo,
1083 2567 1157 2654 quia
1172 2569 1259 2632 mul-

232 2662 267 2716 ta
292 2665 403 2716 contra
427 2662 576 2736 patronos
603 2651 729 2714 venuste
751 2651 835 2714 testis
859 2648 939 2734 saepe
965 2651 1141 2736 respondet,
1166 2653 1261 2740 eique

232 2735 393 2822 praecipue
419 2735 519 2820 vulgo
544 2732 667 2798 favetur
679 2758 689 2812 3
722 2749 791 2798 tum
815 2733 918 2798 verbis
938 2756 1035 2820 quam
1061 2738 1198 2810 maxime
1218 2759 1262 2806 ex

233 2819 341 2887 medio
353 2819 477 2896 sumtis,
492 2830 541 2897 ut,
556 2817 612 2903 qui
626 2832 766 2906 rogatur,
787 2819 827 2899 (is
842 2831 950 2884 autem
964 2820 1008 2886 est
1021 2819 1133 2908 sapius
1148 2835 1180 2886 et
1194 2821 1259 2888 im·

212 2905 365 2992 peritus)
383 2904 555 2991 intelliget,
571 2917 628 2968 aut
653 2925 693 2968 ue
718 2904 900 3052 intelltpere
922 2902 952 2968 se
974 2919 1083 2992 neget,
1098 2907 1185 2992 quod
1206 2908 1258 2971 in-

174 2996 220 3065 32
232 2990 423 3078 terrogantis
436 3011 501 3054 non
516 2987 586 3054 leve
600 2987 701 3077 frigus
715 2990 769 3056 est.
814 2989 884 3054 lle
905 3010 980 3056 vero
1004 2990 1138 3076 peffimae
1162 3005 1258 3075 artes,

231 3188 235 3204 ,
322 3143 422 3232 50ka.
456 3135 603 3228 unde,
662 3163 718 3238 ‘in
729 3162 769 3228 rifi
781 3163 811 3214 G.
822 3161 885 3212 lens.
951 3162 1117 3226 “interrogari
1128 3164 1168 3214 tid.
1198 3130 1215 3176 Ι·

233 3321 323 3374 terant,
339 3311 415 3374 calor,
434 3324 510 3385 atque
529 3312 646 3374 studium,
665 3311 723 3377 joco
773 3311 814 3362 Ita
832 3309 910 3362 noster
929 3328 955 3374 ς,
978 3329 1019 3371 10,
1043 3329 1084 3376 31.
1113 3311 1178 3366 lllud
1194 3317 1262 3384 apud
1347 3337 1350 3345 ’

234 3379 278 3432 ilio
289 3379 466 3452 interpellatur.
497 3379 721 3444 Itadeindes.31.
772 3379 911 3448 Euripidem
922 3379 1057 3447 frigidum.
1089 3381 1162 3435 And.
1185 3387 1211 3446 6,
1235 3404 1260 3448 3,

234 3450 298 3518 qood
311 3449 485 3518 interrogantis
501 3469 548 3502 non
565 3450 626 3502 leve
633 3447 723 3517 frigus
773 3467 815 3514 53.

233 3518 274 3588 est.
300 3519 431 3572 Nimirum
438 3518 525 3587 frigus
543 3519 633 3572 solenni
644 3530 722 3570 meto·
807 3537 850 3584 ²9·
874 3519 953 3570 Acuta
980 3517 1152 3586 interrogatio]
1183 3523 1260 3583 Talin

233 3589 319 3658 nymia
335 3605 385 3640 non
401 3600 452 3640 tarn
471 3591 502 3640 ad
520 3587 590 3640 illum
608 3590 722 3656 pertinet,
770 3587 812 3648 est,
825 3587 855 3639 de
867 3605 915 3654 qua
928 3589 985 3639 Cic.
999 3606 1043 3658 pro
1063 3590 1154 3642 Flacco
1171 3609 1195 3644 c.
1217 3609 1259 3648 rc.

234 3660 280 3726 qui
292 3656 442 3726 refrigerari
453 3657 489 3710 vel
494 3657 606 3726 frigidus
619 3657 671 3711 fieri
683 3658 721 3710 di.
773 3655 861 3734 veiga
872 3655 949 3724 igitur
960 3655 1000 3724 illa
1013 3657 1068 3709 laus
1079 3657 1194 3720 oratoris,
1205 3679 1261 3732 qua

234 3728 309 3788 citur,
322 3726 363 3780 ille
374 3728 438 3782 enim
450 3727 534 3781 aestuat
545 3727 629 3796 potius
641 3728 666 3778 in
678 3726 723 3779 toli
771 3725 818 3778 vel
826 3743 852 3776 tn
869 3727 1008 3794 accusatore
1019 3737 1095 3778 antea
1112 3728 1159 3779 vel
1173 3729 1200 3782 in
1212 3741 1261 3800 pa.

234 3811 269 3858 re,
287 3796 367 3858 sudat,
384 3809 409 3850 et
427 3796 494 3866 plue,
509 3814 585 3864 quarn
602 3814 664 3866 opus
681 3795 722 3857 eti,
771 3805 842 3846 trono-
851 3793 964 3874 spellari
977 3794 1097 3873 fitdbot?
1127 3797 1192 3850 Bene
1214 3803 1260 3870 tes-

234 3865 315 3932 calet,
333 3885 408 3936 quam
421 3867 453 3918 ad
469 3865 603 3926 auditores,
616 3883 678 3934 quos
691 3867 723 3927 is,
770 3874 818 3914 tem
846 3874 1024 3932 interrogavit,
1046 3864 1133 3918 collide
1160 3871 1260 3934 acceffit,

235 3936 280 4003 qui
300 3935 330 3988 sn
353 3933 518 4004 refrigeratus
540 3935 582 3992 eil,
602 3951 651 3987 non
667 3937 723 4000 jam
770 3933 933 4001 reprehendit,
960 3949 1004 4010 qno
1031 3933 1113 3989 enoluit
1144 3938 1261 4004 adduxit,

190 4005 192 4011 ¹
234 4004 470 4126 trtstdttdst
484 4003 724 4142 iiiii-“insili
771 4000 1178 4141 ‘⁶⁸ff‘iiriiiigisr'iiiddi‘i‘
1195 4077 1255 4130 aar

235 4140 359 4196 estuantis
368 4143 442 4196 etiarn
457 4141 546 4198 scurie
561 4154 586 4196 et
604 4141 722 4203 sudantis,
771 4142 815 4196 2⁶.
1152 4177 1155 4184 -

235 4212 339 4284 quinon
356 4212 540 4268 morentrisom
558 4211 722 4266 audientium.
