3000 4908
233 351 293 418 με
463 333 508 399 u.
528 289 654 397 turn
676 333 1025 398 curucrrnrour

234 494 341 584 operit
361 495 541 565 sumerentr
556 498 623 578 fibi,
638 497 691 564 fed
716 498 910 586 Dmpboroo
934 497 1027 564 illurn
1052 497 1189 584 opturu'¹
1209 496 1263 583 yel

236 579 360 648 militiae
375 582 425 646 vel
444 583 603 669 palaestrae,
618 583 837 670 aliorumque¹
858 582 1017 670 juvenum
1036 581 1262 650 bellicosorum

236 681 273 756 et
293 665 483 737 athletarum
507 691 639 756 corpora
651 669 672 749 ¹,
695 692 769 756 quae
794 668 853 732 elle
874 669 989 734 decora
1010 689 1083 736 vere
1105 666 1262 736 existima-

237 751 325 830 rint:
355 775 426 832 noo,
447 755 504 840 qui
526 767 681 824 oratorem
706 753 866 820 studemus
890 754 1052 842 effingere,
1076 771 1139 820 noo
1162 775 1261 834 arma,

236 836 291 909 sed
305 849 456 926 tympana
468 839 659 926 eloquentiae
675 838 811 904 demus?
839 839 942 928 Igitur
962 853 997 904 et
1017 838 1083 918 ille,
1097 861 1195 926 quem
1209 837 1260 902 in·
1275 854 1319 908 22

238 922 407 1002 Ilituimus,
428 923 620 1005 adolescens,
635 946 730 1022 quam
753 925 893 990 maxime
913 925 1023 1012 potest,
1040 935 1212 1010 componat
1232 924 1263 988 se

237 1007 280 1082 ad
305 1009 514 1076 imitationem
538 1009 700 1074 veritatis:
732 1009 871 1077 initurus
888 1033 929 1076 ue
951 1009 1131 1094 frequenter
1156 1007 1262 1074 foren-

239 1093 318 1158 sium
341 1095 548 1162 certaminum
565 1117 705 1184 pugnam
724 1093 792 1182 jam
815 1095 847 1158 itt
866 1033 976 1162 lohola
996 1093 1158 1160 vitiorium
1174 1093 1263 1180 spec·

138 1213 141 1222 ,
193 1231 201 1237 -
239 1191 299 1260 tet,
314 1191 348 1244 et
362 1179 454 1244 ferire
468 1181 577 1246 vitalia
589 1193 656 1246 aom
679 1181 760 1244 tueri
774 1179 873 1246 sciet:
896 1193 929 1244 et
965 1193 1118 1266 raeceptor
1138 1179 1172 1242 id
1194 1201 1264 1247 me.

238 1263 326 1332 xime
339 1266 458 1352 exigat,
473 1279 507 1332 et
520 1266 687 1332 inventurn
708 1265 868 1354 praecipue
910 1202 1012 1330 tolet.
1056 1266 1154 1343 Nom,
1170 1277 1208 1330 ut
1224 1265 1265 1332 ad

238 1349 348 1438 pejora
367 1349 504 1438 juvenes
525 1351 621 1416 laude
637 1351 809 1431 ducuntur,
825 1353 869 1416 ita
883 1287 1004 1416 liudari
1019 1352 1051 1416 in
1076 1350 1169 1416 bonis
1182 1371 1264 1436 gou-

239 1433 352 1500 dente.
396 1437 495 1504 Nunc
518 1436 600 1502 illud
621 1435 696 1500 meli
719 1437 772 1514 est,
781 1436 875 1586 quod
897 1436 1063 1502 neceffaria
1076 1435 1265 1534 plerumque
1278 1457 1319 1523 23

240 1519 363 1588 silentio
378 1521 550 1602 transeunt,
565 1543 623 1586 nec
638 1521 671 1586 in
687 1521 777 1588 dicen
802 1543 823 1586 o
837 1521 963 1586 videtur
974 1523 1057 1588 inter
1070 1521 1155 1588 bona
1174 1520 1264 1586 utili·

238 1618 301 1677 tos.
346 1607 410 1674 Sed
434 1607 505 1675 haec
527 1619 561 1672 et
582 1607 616 1672 in
639 1605 702 1670 ulio
723 1607 816 1672 nobis
829 1607 1046 1672 tratiatasunt
1064 1627 1170 1693 opere,
1184 1623 1218 1672 et
1231 1607 1276 1676 iu.

239 1689 399 1843 ltraonqupe
412 1691 593 1780 repetenda.
638 1691 736 1758 Nunc
757 1692 799 1756 ad
819 1693 964 1760 ordinem
982 1692 1147 1782 inceptum
1161 1713 1266 1758 rever·

283 1861 379 1926 XIII.
403 1860 566 1932 Refutatio
580 1861 750 1950 dupliciter
763 1861 863 1950 accipi
878 1844 988 1950 potest.
1032 1864 1118 1931 Nam
1142 1875 1175 1926 et
1195 1883 1267 1948 paro
1370 1829 1374 1835 ἰ

240 1941 412 2018 defensoris
425 1959 495 2012 tota
508 1949 549 2013 est
564 1949 664 2035 posita
675 1949 709 2012 in
725 1948 931 2015 refutatione:
955 1960 989 2014 et
1000 1971 1075 2036 quae
1095 1947 1182 2014 dicta
1196 1947 1267 2014 tunt

241 2054 284 2098 ert·
295 2031 428 2111 diverso,
444 2032 564 2098 debent
577 2033 741 2120 utrimque
751 2033 893 2100 diIIolvit
917 2045 950 2098 et
963 2033 1055 2100 haec.o
1070 2034 1114 2098 est
1129 2032 1266 2120 proprie,

241 2116 294 2184 cui
308 2117 341 2180 in
357 2117 467 2186 cauffis
480 2131 610 2206 quartus
625 2119 793 2206 affiguntur
811 2119 914 2186 locus.
959 2119 1023 2186 Sed
1043 2118 1205 2204 utriusque
1227 2118 1265 2182 u.

240 2201 327 2266 milis
341 2202 483 2269 conditio
498 2205 552 2269 est.
596 2206 714 2290 Neque
737 2226 811 2268 vero
831 2227 871 2270 ex
892 2203 961 2268 aliis
979 2204 1059 2270 locis
1074 2203 1154 2268 ratio
1168 2224 1265 2290 argu,

239 2303 422 2352 mentorum
438 2287 471 2352 in
493 2288 554 2354 hac
567 2301 657 2376 parte
677 2288 742 2374 peti
752 2291 867 2388 potest,
882 2312 980 2378 quom
995 2289 1028 2354 in
1050 2287 1265 2357 confirmatio·

190 2450 191 2455 *
241 2394 302 2436 ue:
326 2395 385 2436 nec
400 2373 543 2446 Iocorum
559 2386 614 2441 aut
628 2374 865 2454 sententiarum,
881 2388 937 2442 aut
950 2377 1117 2446 verborum
1132 2385 1166 2438 et
1181 2371 1265 2460 figo·

241 2479 347 2532 rarum
374 2457 436 2526 alia
462 2461 505 2526 est
527 2459 682 2530 conditio.
727 2459 872 2526 Affettus
896 2459 1083 2548 plerumque
1104 2457 1175 2538 hrec
1196 2479 1267 2544 perr

239 2542 383 2624 mitiores
397 2543 504 2618 habet,
549 2547 624 2614 Non
640 2545 703 2612 Inte
717 2543 817 2610 caussa
837 2557 943 2612 tameo
965 2543 1126 2613 difficilius
1146 2543 1304 2631 sempera

276 2745 522 2795 tarsumenntrens.
587 2745 703 2795 homiti.
752 2743 880 2796 ¹aliorutn
891 2761 988 2810 quoque
995 2749 1113 2809 juvenum
1123 2746 1267 2798 bellicorum

207 2857 212 2866 .
244 2809 275 2862 G·
287 2811 349 2864 lens.
359 2811 420 2874 etal.
431 2821 469 2874 ap.
481 2811 538 2858 Bor.
630 2813 635 2842 ¹
654 2825 753 2874 corpora
763 2813 922 2862 existimarint
932 2813 1011 2874 ouiffir
1019 2813 1059 2861 rel.
1071 2815 1102 2864 G.
1118 2827 1184 2876 corp.
1195 2814 1267 2864 deco-

243 2889 293 2922 rare
305 2877 371 2924 exist.
381 2876 444 2922 lens.
456 2885 477 2922 et
488 2873 520 2921 al.
531 2883 568 2936 ap.
580 2873 637 2924 Bur.
733 2883 751 2906 ¹¹¹
771 2887 813 2924 uut
822 2877 885 2926 Jens.
983 2886 994 2909 ¹
1013 2877 1097 2928 mullet
1108 2879 1139 2926 G.
1146 2877 1268 2943 fortefuit

244 2939 355 3000 mallent,
367 2939 487 3004 autpotius
498 2939 601 2990 malunt.
666 2945 678 2970 ⁰
695 2939 743 2990 hoc
755 2941 785 2990 G.
796 2943 861 2992 lens.

245 3099 339 3158 quanto
356 3098 381 3140 et
397 3085 513 3140 illustrius
533 3085 564 3148 io,
578 3087 619 3138 cui
632 3088 731 3138 Strabo·
780 3089 835 3141 sunt
847 3090 989 3160 Doryphori
1002 3089 1027 3142 h.
1040 3109 1064 3144 e.
1075 3090 1173 3144 hastati.

245 3159 284 3208 nis
304 3159 378 3209 etiam
400 3153 482 3208 locum
502 3155 631 3217 debemus,
643 3159 677 3207 V.
698 3158 731 3209 C.
817 3176 860 3212 22.
896 3159 1024 3230 umpaira]
1062 3159 1266 3214 Effeminatomot

246 3227 313 3285 Tib,
333 3219 507 3278 llemsterhuis.
526 3225 557 3276 ad
573 3227 663 3278 Lucia.
682 3227 733 3278 Ti·
781 3229 842 3280 Deae
871 3227 988 3298 Phrygiae
1016 3229 1175 3310 sacerdotum,
1202 3230 1268 3282 Bae·

246 3383 286 3416 rue
298 3365 466 3416 Wetsteniana
481 3363 558 3433 prela,
570 3360 613 3426 ilia
631 3365 734 3416 scriben-
782 3375 819 3418 ta.
846 3368 885 3420 De
903 3315 958 3419 ilise
974 3297 1268 3435 giiiiiirilllitilnlliuilili.

194 3450 198 3465 ⁸
245 3435 316 3490 tibus
328 3434 410 3496 nobis,
421 3435 558 3494 exercebat,
570 3431 654 3486 faustis
671 3437 735 3488 orni-
783 3435 855 3490 Ibunt
859 3435 1004 3506 semimares
1015 3447 1038 3492 et
1054 3437 1141 3490 inania
1153 3447 1270 3510 tympana

246 3505 323 3556 nibus
340 3505 365 3556 in
382 3503 464 3554 lucem
483 3505 581 3554 tandem
593 3503 735 3574 aliquando,
783 3506 894 3568 tundent,
904 3517 928 3556 et
939 3523 996 3568 mort
1014 3507 1060 3574 ἱερὸν
1073 3509 1132 3570 λόγον
1149 3510 1213 3560 ritus
1230 3509 1269 3560 in-

247 3575 320 3626 nobis
331 3575 405 3626 etiam
418 3591 447 3624 ex
464 3583 534 3643 parte
550 3573 634 3642 aliqua
651 3575 736 3643 opitu·
785 3587 947 3646 terpretatur:
967 3575 996 3626 de
1015 3575 1053 3628 his
1072 3575 1136 3628 idem
1156 3579 1221 3629 Met.
1240 3593 1269 3638 4,

247 3643 367 3705 lantibus,
380 3643 514 3695 exiturum.
786 3661 830 3711 29·
852 3644 877 3696 in
897 3647 999 3714 Hymno
1016 3644 1178 3707 Baccharum,
1198 3649 1268 3716 Qa-

285 3731 327 3765 21.
353 3711 507 3784 Doryphoron
522 3709 602 3776 illum]
622 3709 736 3766 Plurium
786 3717 922 3784 tunquam
940 3713 1046 3774 Bacche,
1063 3713 1206 3782 ingrederis,
1217 3713 1274 3764 cla-¹

248 3783 374 3836 artificum
392 3783 437 3838 hoc
454 3781 553 3831 nomine
568 3797 640 3850 opera
651 3781 737 3834 laudat
785 3799 838 3836 mor
846 3781 980 3862 juvenilis,
992 3795 1016 3834 et
1026 3800 1076 3835 una
1087 3782 1205 3836 Feminea
1221 3800 1270 3838 vo-

247 3314 315 3348 mon.
325 3315 352 3366 p.
363 3311 422 3361 r34.
436 3295 503 3364 quod
512 3311 576 3366 opus
587 3311 645 3346 cum
654 3295 733 3346 maxi·
781 3297 909 3348 chantium

95 3857 100 3866 '
191 3905 198 3915 ,
248 3852 346 3906 Plinius
360 3869 402 3915 34,
416 3856 441 3903 8.
461 3851 491 3902 ln
504 3850 591 3919 primis
602 3851 693 3903 nobilis
705 3851 738 3904 est
786 3869 832 3912 ces,
843 3853 988 3974 tmpulsqpue
998 3861 1112 3922 tympana
1118 3851 1220 3924 palmis.

248 3921 371 3990 Polycleti
381 3916 656 3990 JupiterDoryphoms,
682 3938 737 3972 uem
821 3939 865 3986 23.
883 3939 909 3974 ut
920 3939 937 3972 a
947 3939 969 3973 ro
978 3921 1059 3992 opere]
1078 3922 1116 3974 De
1128 3921 1204 3975 crusis
1215 3939 1271 3978 eor-

249 3990 295 4044 tbi
313 3990 457 4060 magistrum
475 3989 535 4039 artis
553 3987 651 4040 dicebat
663 3939 738 4046 luisse
763 4058 769 4064 1
785 4001 866 4060 ruptor
876 3991 1031 4060 eloquentie,
1043 3990 1120 4060 quod,
1131 3988 1229 4050 Tacito
1238 3993 1271 4044 ab

250 4058 373 4129 Lysippus
394 4075 436 4128 ep.
457 4059 513 4110 Cic.
536 4057 625 4109 Bruto.
646 4077 669 4110 c.
693 4064 736 4110 86.
786 4061 842 4111 aliis
859 4059 1013 4130 inscriptum,
1032 4061 1121 4112 exstare
1140 4073 1223 4134 putat,
1245 4073 1271 4114 ot

250 4131 325 4184 Forte
347 4127 473 4197 Polycleto
495 4126 584 4178 debent
607 4127 653 4180 hoc
682 4129 737 4189 Dii,
785 4128 830 4180 sub
864 4131 963 4182 nomine
997 4129 1161 4204 Qindlilieni
1194 4131 1273 4188 edidit

249 4199 317 4271 qued
340 4199 366 4250 iu
391 4197 501 4251 nummis
524 4213 599 4268 prope
621 4197 738 4252 omuibus
786 4199 1039 4255 Heuntennusmeus.
1065 4199 1139 4256 Add.
1152 4204 1229 4278 6.pr.
1244 4219 1269 4276 2.
