<?xml version="1.0" encoding="UTF-8"?>
<!DOCTYPE html PUBLIC "-//W3C//DTD XHTML 1.0 Transitional//EN"
    "http://www.w3.org/TR/xhtml1/DTD/xhtml1-transitional.dtd">
<html xmlns="http://www.w3.org/1999/xhtml" xml:lang="en" lang="en">
 <head>
  <title>
</title>
<meta http-equiv="Content-Type" content="text/html;charset=utf-8" />
  <meta name='ocr-system' content='tesseract 3.04.00' />
  <meta name='ocr-capabilities' content='ocr_page ocr_carea ocr_par ocr_line ocrx_word'/>
</head>
<body>
  <div class='ocr_page' id='page_1' title='image "./mfabiiquinctili00quingoog_0185.png"; bbox 0 0 3022 4920; ppageno 0'>
   <div class='ocr_carea' id='block_1_1' title="bbox 419 347 1247 470">
    <p class='ocr_par' dir='ltr' id='par_1_1' title="bbox 419 347 1247 472">
     <span class='ocr_line' id='line_1_1' title="bbox 419 347 1247 470; baseline 0.007 -26"><span class='ocrx_word' id='word_1_1' title='bbox 419 385 591 448; x_wconf 81' lang='lat' dir='ltr'>marm.</span> <span class='ocrx_word' id='word_1_2' title='bbox 612 385 815 448; x_wconf 71' lang='lat' dir='ltr'>oneror.</span> <span class='ocrx_word' id='word_1_3' title='bbox 837 384 921 447; x_wconf 80' lang='lat' dir='ltr'>mi.</span> <span class='ocrx_word' id='word_1_4' title='bbox 941 387 983 446; x_wconf 88' lang='lat'>11.</span> <span class='ocrx_word' id='word_1_5' title='bbox 1007 400 1053 467; x_wconf 67' lang='grc' dir='ltr'>η.</span> <span class='ocrx_word' id='word_1_6' title='bbox 1187 347 1247 470; x_wconf 61' lang='lat' dir='ltr'>usi</span> 
     </span>
    </p>
   </div>
   <div class='ocr_carea' id='block_1_2' title="bbox 176 546 1248 960">
    <p class='ocr_par' dir='ltr' id='par_1_2' title="bbox 176 546 1248 960">
     <span class='ocr_line' id='line_1_2' title="bbox 253 546 1247 638; baseline 0.005 -22"><span class='ocrx_word' id='word_1_7' title='bbox 253 546 366 616; x_wconf 80' lang='lat' dir='ltr'>XVII.</span> <span class='ocrx_word' id='word_1_8' title='bbox 391 549 549 633; x_wconf 88' lang='lat' dir='ltr'>(XVIiI.)</span> <span class='ocrx_word' id='word_1_9' title='bbox 574 549 661 616; x_wconf 75' lang='lat' dir='ltr'>Finis</span> <span class='ocrx_word' id='word_1_10' title='bbox 685 573 751 618; x_wconf 88' lang='lat' dir='ltr'>uon</span> <span class='ocrx_word' id='word_1_11' title='bbox 775 549 848 630; x_wconf 86' lang='lat' dir='ltr'>erit,</span> <span class='ocrx_word' id='word_1_12' title='bbox 874 551 895 614; x_wconf 90' lang='lat' dir='ltr'>fi</span> <span class='ocrx_word' id='word_1_13' title='bbox 919 549 1082 638; x_wconf 73' lang='lat' dir='ltr'>exspatiari</span> <span class='ocrx_word' id='word_1_14' title='bbox 1103 552 1247 638; x_wconf 79' lang='lat' dir='ltr'>partein</span> 
     </span>
     <span class='ocr_line' id='line_1_3' title="bbox 210 635 1248 724; baseline 0.002 -23"><span class='ocrx_word' id='word_1_15' title='bbox 210 635 282 716; x_wconf 86' lang='lat' dir='ltr'>bae,</span> <span class='ocrx_word' id='word_1_16' title='bbox 297 648 332 700; x_wconf 85' lang='lat' dir='ltr'>et</span> <span class='ocrx_word' id='word_1_17' title='bbox 346 635 514 723; x_wconf 81' lang='lat' dir='ltr'>indulgere</span> <span class='ocrx_word' id='word_1_18' title='bbox 527 636 686 724; x_wconf 88' lang='lat' dir='ltr'>voluptati</span> <span class='ocrx_word' id='word_1_19' title='bbox 699 637 808 702; x_wconf 86' lang='lat' dir='ltr'>veliin.</span> <span class='ocrx_word' id='word_1_20' title='bbox 851 637 1061 702; x_wconf 80' lang='lat' dir='ltr'>Transeamus</span> <span class='ocrx_word' id='word_1_21' title='bbox 1082 637 1183 724; x_wconf 84' lang='lat' dir='ltr'>igitur</span> <span class='ocrx_word' id='word_1_22' title='bbox 1204 639 1248 703; x_wconf 85' lang='lat' dir='ltr'>ad</span> 
     </span>
     <span class='ocr_line' id='line_1_4' title="bbox 176 721 1248 822; baseline 0.006 -38"><span class='ocrx_word' id='word_1_23' title='bbox 176 733 280 787; x_wconf 70' lang='lat' dir='ltr'>acam</span> <span class='ocrx_word' id='word_1_24' title='bbox 296 721 513 807; x_wconf 83' lang='lat' dir='ltr'>quaestionem,</span> <span class='ocrx_word' id='word_1_25' title='bbox 530 745 603 820; x_wconf 85' lang='lat' dir='ltr'>quae</span> <span class='ocrx_word' id='word_1_26' title='bbox 616 721 769 822; x_wconf 82' lang='lat' dir='ltr'>sequitur,</span> <span class='ocrx_word' id='word_1_27' title='bbox 781 744 822 788; x_wconf 91' lang='lat' dir='ltr'>aii</span> <span class='ocrx_word' id='word_1_28' title='bbox 836 724 976 788; x_wconf 77' lang='lat' dir='ltr'><em>rhetorice</em></span> <span class='ocrx_word' id='word_1_29' title='bbox 990 722 1100 808; x_wconf 82' lang='lat' dir='ltr'>ersfit.</span> <span class='ocrx_word' id='word_1_30' title='bbox 1146 723 1248 790; x_wconf 77' lang='lat' dir='ltr'>Quod</span> 
     </span>
     <span class='ocr_line' id='line_1_5' title="bbox 209 805 1247 960; baseline 0.002 -88"><span class='ocrx_word' id='word_1_31' title='bbox 209 806 343 895; x_wconf 88' lang='lat' dir='ltr'>quidem</span> <span class='ocrx_word' id='word_1_32' title='bbox 367 805 449 872; x_wconf 86' lang='lat' dir='ltr'>adeo</span> <span class='ocrx_word' id='word_1_33' title='bbox 474 829 515 872; x_wconf 82' lang='lat' dir='ltr'>ex</span> <span class='ocrx_word' id='word_1_34' title='bbox 540 807 590 886; x_wconf 85' lang='lat' dir='ltr'>iis,</span> <span class='ocrx_word' id='word_1_35' title='bbox 617 831 673 894; x_wconf 91' lang='lat' dir='ltr'>qui</span> <span class='ocrx_word' id='word_1_36' title='bbox 695 820 855 960; x_wconf 86' lang='lat' dir='ltr'>praecepta</span> <span class='ocrx_word' id='word_1_37' title='bbox 878 807 1007 874; x_wconf 87' lang='lat' dir='ltr'>dicendi</span> <span class='ocrx_word' id='word_1_38' title='bbox 1033 806 1247 890; x_wconf 85' lang='lat' dir='ltr'>tradiderunt,</span> 
     </span>
    </p>
   </div>
   <div class='ocr_carea' id='block_1_3' title="bbox 208 892 1249 980">
    <p class='ocr_par' dir='ltr' id='par_1_3' title="bbox 208 892 1249 980">
     <span class='ocr_line' id='line_1_6' title="bbox 208 892 1249 980; baseline 0.002 -22"><span class='ocrx_word' id='word_1_39' title='bbox 208 915 307 958; x_wconf 86' lang='lat' dir='ltr'>nemo</span> <span class='ocrx_word' id='word_1_40' title='bbox 329 892 501 972; x_wconf 89' lang='lat' dir='ltr'>dubitavit,</span> <span class='ocrx_word' id='word_1_41' title='bbox 523 905 561 958; x_wconf 91' lang='lat' dir='ltr'>ut</span> <span class='ocrx_word' id='word_1_42' title='bbox 583 895 682 960; x_wconf 88' lang='lat' dir='ltr'>etiam</span> <span class='ocrx_word' id='word_1_43' title='bbox 702 893 774 980; x_wconf 89' lang='lat' dir='ltr'>ipsis</span> <span class='ocrx_word' id='word_1_44' title='bbox 810 893 953 960; x_wconf 89' lang='lat' dir='ltr'>ibrornm</span> <span class='ocrx_word' id='word_1_45' title='bbox 974 894 1078 960; x_wconf 88' lang='lat' dir='ltr'>titulis</span> <span class='ocrx_word' id='word_1_46' title='bbox 1100 893 1249 960; x_wconf 85' lang='lat' dir='ltr'>testatum</span> 
     </span>
    </p>
   </div>
   <div class='ocr_carea' id='block_1_4' title="bbox 176 977 1249 1409">
    <p class='ocr_par' dir='ltr' id='par_1_4' title="bbox 176 977 1249 1409">
     <span class='ocr_line' id='line_1_7' title="bbox 209 977 1248 1066; baseline 0.002 -22"><span class='ocrx_word' id='word_1_47' title='bbox 209 979 257 1058; x_wconf 91' lang='lat' dir='ltr'>sit,</span> <span class='ocrx_word' id='word_1_48' title='bbox 273 979 406 1064; x_wconf 80' lang='lat' dir='ltr'>scriptos</span> <span class='ocrx_word' id='word_1_49' title='bbox 421 1000 475 1044; x_wconf 88' lang='lat' dir='ltr'>eos</span> <span class='ocrx_word' id='word_1_50' title='bbox 490 979 528 1043; x_wconf 85' lang='lat' dir='ltr'>de</span> <span class='ocrx_word' id='word_1_51' title='bbox 542 992 609 1048; x_wconf 82' lang='lat' dir='ltr'>arte</span> <span class='ocrx_word' id='word_1_52' title='bbox 621 980 790 1044; x_wconf 79' lang='lat' dir='ltr'>rhetorice.-</span> <span class='ocrx_word' id='word_1_53' title='bbox 813 980 928 1048; x_wconf 88' lang='lat' dir='ltr'>Cicero</span> <span class='ocrx_word' id='word_1_54' title='bbox 949 1001 1026 1046; x_wconf 88' lang='lat' dir='ltr'>vero</span> <span class='ocrx_word' id='word_1_55' title='bbox 1046 977 1156 1058; x_wconf 86' lang='lat' dir='ltr'>etiam,</span> <span class='ocrx_word' id='word_1_56' title='bbox 1174 1001 1248 1066; x_wconf 84' lang='lat' dir='ltr'>quae</span> 
     </span>
     <span class='ocr_line' id='line_1_8' title="bbox 207 1065 1249 1154; baseline 0.002 -24"><span class='ocrx_word' id='word_1_57' title='bbox 207 1065 349 1130; x_wconf 80' lang='lat' dir='ltr'>rhetorice</span> <span class='ocrx_word' id='word_1_58' title='bbox 363 1077 506 1144; x_wconf 85' lang='lat' dir='ltr'>vocetur,</span> <span class='ocrx_word' id='word_1_59' title='bbox 522 1065 584 1130; x_wconf 88' lang='lat' dir='ltr'>esse</span> <span class='ocrx_word' id='word_1_60' title='bbox 596 1065 785 1153; x_wconf 72' lang='lat' dir='ltr'>artificiosam</span> <span class='ocrx_word' id='word_1_61' title='bbox 799 1065 992 1154; x_wconf 75' lang='lat' dir='ltr'><em>eloquentiam</em></span> <span class='ocrx_word' id='word_1_62' title='bbox 1006 1065 1101 1130; x_wconf 85' lang='lat' dir='ltr'>dicat.</span> <span class='ocrx_word' id='word_1_63' title='bbox 1146 1065 1249 1132; x_wconf 76' lang='lat' dir='ltr'>Quod</span> 
     </span>
     <span class='ocr_line' id='line_1_9' title="bbox 209 1149 1249 1236; baseline 0.005 -22"><span class='ocrx_word' id='word_1_64' title='bbox 209 1171 277 1214; x_wconf 89' lang='lat' dir='ltr'>non</span> <span class='ocrx_word' id='word_1_65' title='bbox 302 1163 442 1216; x_wconf 74' lang='lat' dir='ltr'>oratores</span> <span class='ocrx_word' id='word_1_66' title='bbox 467 1163 593 1216; x_wconf 84' lang='lat' dir='ltr'>tantum</span> <span class='ocrx_word' id='word_1_67' title='bbox 615 1150 827 1229; x_wconf 80' lang='lat' dir='ltr'>vindicarunt,</span> <span class='ocrx_word' id='word_1_68' title='bbox 843 1165 880 1218; x_wconf 88' lang='lat' dir='ltr'>ut</span> <span class='ocrx_word' id='word_1_69' title='bbox 908 1151 1017 1216; x_wconf 83' lang='lat' dir='ltr'>studiis</span> <span class='ocrx_word' id='word_1_70' title='bbox 1040 1149 1162 1236; x_wconf 86' lang='lat' dir='ltr'>aliquid</span> <span class='ocrx_word' id='word_1_71' title='bbox 1183 1149 1249 1219; x_wconf 78' lang='lat' dir='ltr'>susi</span> 
     </span>
     <span class='ocr_line' id='line_1_10' title="bbox 209 1235 1247 1322; baseline -0.001 -22"><span class='ocrx_word' id='word_1_72' title='bbox 209 1235 381 1321; x_wconf 73' lang='lat' dir='ltr'>prestitisse</span> <span class='ocrx_word' id='word_1_73' title='bbox 405 1235 593 1320; x_wconf 81' lang='lat' dir='ltr'>videantur:</span> <span class='ocrx_word' id='word_1_74' title='bbox 621 1236 672 1302; x_wconf 88' lang='lat' dir='ltr'>sed</span> <span class='ocrx_word' id='word_1_75' title='bbox 697 1259 772 1302; x_wconf 90' lang='lat' dir='ltr'>cum</span> <span class='ocrx_word' id='word_1_76' title='bbox 797 1237 849 1302; x_wconf 87' lang='lat' dir='ltr'>his</span> <span class='ocrx_word' id='word_1_77' title='bbox 874 1235 1068 1322; x_wconf 87' lang='lat' dir='ltr'>Philosophi,</span> <span class='ocrx_word' id='word_1_78' title='bbox 1084 1249 1118 1300; x_wconf 87' lang='lat' dir='ltr'>et</span> <span class='ocrx_word' id='word_1_79' title='bbox 1132 1235 1247 1316; x_wconf 83' lang='lat' dir='ltr'><strong>Stoici,</strong></span> 
     </span>
     <span class='ocr_line' id='line_1_11' title="bbox 176 1320 1248 1409; baseline 0.002 -25"><span class='ocrx_word' id='word_1_80' title='bbox 176 1333 244 1400; x_wconf 66' lang='lat' dir='ltr'>get</span> <span class='ocrx_word' id='word_1_81' title='bbox 268 1320 467 1407; x_wconf 84' lang='lat' dir='ltr'>Peripatetici</span> <span class='ocrx_word' id='word_1_82' title='bbox 491 1322 646 1409; x_wconf 84' lang='lat' dir='ltr'>plerique,</span> <span class='ocrx_word' id='word_1_83' title='bbox 668 1322 884 1389; x_wconf 88' lang='lat' dir='ltr'>consentiunt.</span> <span class='ocrx_word' id='word_1_84' title='bbox 928 1324 980 1386; x_wconf 81' lang='lat' dir='ltr'>Ac</span> <span class='ocrx_word' id='word_1_85' title='bbox 1009 1344 1062 1386; x_wconf 86' lang='lat' dir='ltr'>ine</span> <span class='ocrx_word' id='word_1_86' title='bbox 1091 1320 1248 1388; x_wconf 75' lang='lat' dir='ltr'>dubitasse</span> 
     </span>
    </p>
   </div>
   <div class='ocr_carea' id='block_1_5' title="bbox 174 1406 1248 2353">
    <p class='ocr_par' dir='ltr' id='par_1_5' title="bbox 174 1406 1248 2353">
     <span class='ocr_line' id='line_1_12' title="bbox 210 1406 1246 1494; baseline -0.001 -23"><span class='ocrx_word' id='word_1_87' title='bbox 210 1407 377 1486; x_wconf 86' lang='lat' dir='ltr'>confiteor,</span> <span class='ocrx_word' id='word_1_88' title='bbox 404 1429 444 1471; x_wconf 89' lang='lat' dir='ltr'>an</span> <span class='ocrx_word' id='word_1_89' title='bbox 466 1406 551 1472; x_wconf 86' lang='lat' dir='ltr'>hauc</span> <span class='ocrx_word' id='word_1_90' title='bbox 571 1421 694 1494; x_wconf 90' lang='lat' dir='ltr'>partem</span> <span class='ocrx_word' id='word_1_91' title='bbox 720 1408 899 1494; x_wconf 75' lang='lat' dir='ltr'>questionis</span> <span class='ocrx_word' id='word_1_92' title='bbox 923 1406 1122 1477; x_wconf 76' lang='lat' dir='ltr'>t-rattandam</span> <span class='ocrx_word' id='word_1_93' title='bbox 1149 1419 1246 1494; x_wconf 87' lang='lat' dir='ltr'>puta-</span> 
     </span>
     <span class='ocr_line' id='line_1_13' title="bbox 208 1492 1248 1580; baseline 0 -24"><span class='ocrx_word' id='word_1_94' title='bbox 208 1513 276 1556; x_wconf 90' lang='lat' dir='ltr'>rem</span> <span class='ocrx_word' id='word_1_95' title='bbox 292 1515 397 1557; x_wconf 86' lang='lat' dir='ltr'>:nam</span> <span class='ocrx_word' id='word_1_96' title='bbox 421 1492 493 1580; x_wconf 83' lang='lat' dir='ltr'>quis</span> <span class='ocrx_word' id='word_1_97' title='bbox 515 1495 558 1558; x_wconf 87' lang='lat' dir='ltr'>est</span> <span class='ocrx_word' id='word_1_98' title='bbox 572 1494 665 1573; x_wconf 88' lang='lat' dir='ltr'>adeo,</span> <span class='ocrx_word' id='word_1_99' title='bbox 681 1515 746 1560; x_wconf 92' lang='lat' dir='ltr'>non</span> <span class='ocrx_word' id='word_1_100' title='bbox 767 1494 808 1558; x_wconf 86' lang='lat' dir='ltr'>ab</span> <span class='ocrx_word' id='word_1_101' title='bbox 831 1493 1014 1560; x_wconf 84' lang='lat' dir='ltr'>eruditione</span> <span class='ocrx_word' id='word_1_102' title='bbox 1029 1492 1138 1572; x_wconf 87' lang='lat' dir='ltr'>inodo,</span> <span class='ocrx_word' id='word_1_103' title='bbox 1153 1492 1206 1558; x_wconf 88' lang='lat' dir='ltr'>sed</span> <span class='ocrx_word' id='word_1_104' title='bbox 1228 1515 1248 1564; x_wconf 80' lang='lat' dir='ltr'>a</span> 
     </span>
     <span class='ocr_line' id='line_1_14' title="bbox 209 1577 1246 1668; baseline 0.002 -28"><span class='ocrx_word' id='word_1_105' title='bbox 209 1577 298 1644; x_wconf 87' lang='lat' dir='ltr'>sensu</span> <span class='ocrx_word' id='word_1_106' title='bbox 313 1591 457 1643; x_wconf 88' lang='lat' dir='ltr'>remotus</span> <span class='ocrx_word' id='word_1_107' title='bbox 472 1579 624 1657; x_wconf 84' lang='lat' dir='ltr'>hominia,</span> <span class='ocrx_word' id='word_1_108' title='bbox 640 1592 679 1644; x_wconf 91' lang='lat' dir='ltr'>ut</span> <span class='ocrx_word' id='word_1_109' title='bbox 700 1578 875 1646; x_wconf 85' lang='lat' dir='ltr'>fabricandi</span> <span class='ocrx_word' id='word_1_110' title='bbox 890 1579 1033 1668; x_wconf 89' lang='lat' dir='ltr'>quidem,</span> <span class='ocrx_word' id='word_1_111' title='bbox 1050 1593 1083 1642; x_wconf 88' lang='lat' dir='ltr'>et</span> <span class='ocrx_word' id='word_1_112' title='bbox 1104 1577 1246 1660; x_wconf 83' lang='lat' dir='ltr'>texendi,</span> 
     </span>
     <span class='ocr_line' id='line_1_15' title="bbox 209 1663 1246 1752; baseline 0 -25"><span class='ocrx_word' id='word_1_113' title='bbox 209 1675 244 1728; x_wconf 88' lang='lat' dir='ltr'>et</span> <span class='ocrx_word' id='word_1_114' title='bbox 258 1677 295 1728; x_wconf 78' lang='lat' dir='ltr'>c·</span> <span class='ocrx_word' id='word_1_115' title='bbox 310 1663 380 1728; x_wconf 90' lang='lat' dir='ltr'>luto</span> <span class='ocrx_word' id='word_1_116' title='bbox 396 1663 465 1729; x_wconf 88' lang='lat' dir='ltr'>vasa</span> <span class='ocrx_word' id='word_1_117' title='bbox 479 1665 619 1730; x_wconf 88' lang='lat' dir='ltr'>ducendi</span> <span class='ocrx_word' id='word_1_118' title='bbox 634 1679 727 1730; x_wconf 86' lang='lat' dir='ltr'>artem</span> <span class='ocrx_word' id='word_1_119' title='bbox 741 1679 845 1752; x_wconf 89' lang='lat' dir='ltr'>putet,</span> <span class='ocrx_word' id='word_1_120' title='bbox 861 1665 1022 1730; x_wconf 81' lang='lat' dir='ltr'>rhetoricen</span> <span class='ocrx_word' id='word_1_121' title='bbox 1036 1676 1158 1742; x_wconf 85' lang='lat' dir='ltr'>autem,</span> <span class='ocrx_word' id='word_1_122' title='bbox 1175 1685 1246 1727; x_wconf 87' lang='lat' dir='ltr'>nia·</span> 
     </span>
     <span class='ocr_line' id='line_1_16' title="bbox 209 1748 1248 1837; baseline -0.001 -24"><span class='ocrx_word' id='word_1_123' title='bbox 209 1748 347 1828; x_wconf 84' lang='lat' dir='ltr'>ximum,</span> <span class='ocrx_word' id='word_1_124' title='bbox 374 1772 411 1814; x_wconf 90' lang='lat' dir='ltr'>ae</span> <span class='ocrx_word' id='word_1_125' title='bbox 440 1749 693 1836; x_wconf 88' lang='lat' dir='ltr'>pulcherrimum</span> <span class='ocrx_word' id='word_1_126' title='bbox 722 1757 772 1836; x_wconf 91' lang='lat' dir='ltr'>(ut</span> <span class='ocrx_word' id='word_1_127' title='bbox 796 1751 888 1837; x_wconf 87' lang='lat' dir='ltr'>supra</span> <span class='ocrx_word' id='word_1_128' title='bbox 911 1750 1064 1830; x_wconf 76' lang='lat' dir='ltr'>diximus)</span> <span class='ocrx_word' id='word_1_129' title='bbox 1092 1771 1186 1836; x_wconf 78' lang='lat' dir='ltr'>apua,</span> <span class='ocrx_word' id='word_1_130' title='bbox 1211 1749 1248 1812; x_wconf 88' lang='lat' dir='ltr'>iii</span> 
     </span>
     <span class='ocr_line' id='line_1_17' title="bbox 174 1834 1247 1924; baseline -0.001 -26"><span class='ocrx_word' id='word_1_131' title='bbox 174 1846 278 1910; x_wconf 87' lang='lat' dir='ltr'>4tain</span> <span class='ocrx_word' id='word_1_132' title='bbox 299 1835 434 1900; x_wconf 89' lang='lat' dir='ltr'>sublime</span> <span class='ocrx_word' id='word_1_133' title='bbox 448 1835 608 1924; x_wconf 82' lang='lat' dir='ltr'>fastigium</span> <span class='ocrx_word' id='word_1_134' title='bbox 634 1837 789 1902; x_wconf 81' lang='lat' dir='ltr'>existimet</span> <span class='ocrx_word' id='word_1_135' title='bbox 799 1837 869 1922; x_wconf 77' lang='lat' dir='ltr'>stria</span> <span class='ocrx_word' id='word_1_136' title='bbox 891 1849 957 1900; x_wconf 84' lang='lat' dir='ltr'>crte</span> <span class='ocrx_word' id='word_1_137' title='bbox 971 1834 1108 1900; x_wconf 87' lang='lat' dir='ltr'>venisse?</span> <span class='ocrx_word' id='word_1_138' title='bbox 1144 1835 1247 1919; x_wconf 89' lang='lat' dir='ltr'>Equi-</span> 
     </span>
     <span class='ocr_line' id='line_1_18' title="bbox 208 1919 1248 2008; baseline 0.001 -25"><span class='ocrx_word' id='word_1_139' title='bbox 208 1919 284 1984; x_wconf 89' lang='lat' dir='ltr'>dem</span> <span class='ocrx_word' id='word_1_140' title='bbox 301 1920 387 2001; x_wconf 81' lang='lat' dir='ltr'>illos,</span> <span class='ocrx_word' id='word_1_141' title='bbox 402 1921 459 2008; x_wconf 92' lang='lat' dir='ltr'>qni</span> <span class='ocrx_word' id='word_1_142' title='bbox 480 1935 590 1986; x_wconf 86' lang='lat' dir='ltr'>contra</span> <span class='ocrx_word' id='word_1_143' title='bbox 611 1922 820 2008; x_wconf 87' lang='lat' dir='ltr'>disputarunt,</span> <span class='ocrx_word' id='word_1_144' title='bbox 842 1943 907 1990; x_wconf 93' lang='lat' dir='ltr'>non</span> <span class='ocrx_word' id='word_1_145' title='bbox 930 1935 996 1988; x_wconf 88' lang='lat' dir='ltr'>tani</span> <span class='ocrx_word' id='word_1_146' title='bbox 1019 1919 1137 1986; x_wconf 76' lang='lat' dir='ltr'>sensisse</span> <span class='ocrx_word' id='word_1_147' title='bbox 1158 1919 1248 2005; x_wconf 87' lang='lat' dir='ltr'>quod</span> 
     </span>
     <span class='ocr_line' id='line_1_19' title="bbox 207 2004 1248 2095; baseline 0 -25"><span class='ocrx_word' id='word_1_148' title='bbox 207 2004 365 2086; x_wconf 81' lang='lat' dir='ltr'>dicerent,</span> <span class='ocrx_word' id='word_1_149' title='bbox 403 2029 478 2070; x_wconf 91' lang='lat' dir='ltr'>uam</span> <span class='ocrx_word' id='word_1_150' title='bbox 493 2029 638 2072; x_wconf 85' lang='lat' dir='ltr'>exercere</span> <span class='ocrx_word' id='word_1_151' title='bbox 653 2009 782 2095; x_wconf 86' lang='lat' dir='ltr'>ingenia</span> <span class='ocrx_word' id='word_1_152' title='bbox 796 2007 938 2072; x_wconf 71' lang='lat' dir='ltr'>materie</span> <span class='ocrx_word' id='word_1_153' title='bbox 951 2005 1137 2071; x_wconf 87' lang='lat' dir='ltr'>difficultate</span> <span class='ocrx_word' id='word_1_154' title='bbox 1151 2005 1248 2070; x_wconf 87' lang='lat' dir='ltr'>credo</span> 
     </span>
     <span class='ocr_line' id='line_1_20' title="bbox 206 2031 1246 2180; baseline -0.002 -24"><span class='ocrx_word' id='word_1_155' title='bbox 206 2091 357 2156; x_wconf 88' lang='lat' dir='ltr'>voluisse:</span> <span class='ocrx_word' id='word_1_156' title='bbox 381 2031 460 2156; x_wconf 85' lang='lat' dir='ltr'>licut</span> <span class='ocrx_word' id='word_1_157' title='bbox 473 2093 685 2180; x_wconf 83' lang='lat' dir='ltr'>Polycratem,</span> <span class='ocrx_word' id='word_1_158' title='bbox 702 2117 776 2159; x_wconf 91' lang='lat' dir='ltr'>cuni</span> <span class='ocrx_word' id='word_1_159' title='bbox 791 2094 923 2158; x_wconf 79' lang='lat' dir='ltr'>Busirim</span> <span class='ocrx_word' id='word_1_160' title='bbox 944 2093 1098 2170; x_wconf 89' lang='lat' dir='ltr'>laudaret,</span> <span class='ocrx_word' id='word_1_161' title='bbox 1115 2103 1148 2162; x_wconf 87' lang='lat' dir='ltr'>et</span> <span class='ocrx_word' id='word_1_162' title='bbox 1163 2089 1246 2178; x_wconf 87' lang='lat' dir='ltr'>Cly-</span> 
     </span>
     <span class='ocr_line' id='line_1_21' title="bbox 207 2175 1245 2266; baseline -0.001 -27"><span class='ocrx_word' id='word_1_163' title='bbox 207 2179 440 2240; x_wconf 72' lang='lat' dir='ltr'>taemnestram:</span> <span class='ocrx_word' id='word_1_164' title='bbox 463 2201 658 2265; x_wconf 87' lang='lat' dir='ltr'>quamquam</span> <span class='ocrx_word' id='word_1_165' title='bbox 681 2177 720 2259; x_wconf 83' lang='lat' dir='ltr'>is,</span> <span class='ocrx_word' id='word_1_166' title='bbox 736 2179 825 2266; x_wconf 89' lang='lat' dir='ltr'>quod</span> <span class='ocrx_word' id='word_1_167' title='bbox 845 2179 896 2244; x_wconf 88' lang='lat' dir='ltr'>his</span> <span class='ocrx_word' id='word_1_168' title='bbox 920 2177 1064 2246; x_wconf 78' lang='lat' dir='ltr'>dissimile</span> <span class='ocrx_word' id='word_1_169' title='bbox 1078 2199 1142 2240; x_wconf 91' lang='lat' dir='ltr'>non</span> <span class='ocrx_word' id='word_1_170' title='bbox 1157 2175 1245 2256; x_wconf 86' lang='lat' dir='ltr'>esset,</span> 
     </span>
     <span class='ocr_line' id='line_1_22' title="bbox 209 2261 1247 2353; baseline 0.001 -28"><span class='ocrx_word' id='word_1_171' title='bbox 209 2262 416 2351; x_wconf 82' lang='lat' dir='ltr'>composuisse</span> <span class='ocrx_word' id='word_1_172' title='bbox 425 2265 614 2346; x_wconf 86' lang='lat' dir='ltr'>orationem,</span> <span class='ocrx_word' id='word_1_173' title='bbox 625 2288 697 2353; x_wconf 78' lang='lat' dir='ltr'>quie</span> <span class='ocrx_word' id='word_1_174' title='bbox 706 2267 749 2330; x_wconf 89' lang='lat' dir='ltr'>est</span> <span class='ocrx_word' id='word_1_175' title='bbox 759 2265 869 2332; x_wconf 86' lang='lat' dir='ltr'>habita</span> <span class='ocrx_word' id='word_1_176' title='bbox 881 2278 993 2332; x_wconf 84' lang='lat' dir='ltr'>eontra</span> <span class='ocrx_word' id='word_1_177' title='bbox 1007 2265 1183 2343; x_wconf 87' lang='lat' dir='ltr'>Socratem,</span> <span class='ocrx_word' id='word_1_178' title='bbox 1193 2261 1247 2326; x_wconf 90' lang='lat' dir='ltr'>di-</span> 
     </span>
    </p>
   </div>
   <div class='ocr_carea' id='block_1_6' title="bbox 654 2467 795 2517">
    <p class='ocr_par' dir='ltr' id='par_1_6' title="bbox 654 2467 795 2517">
     <span class='ocr_line' id='line_1_23' title="bbox 654 2467 795 2517; baseline 0.014 -2"><span class='ocrx_word' id='word_1_179' title='bbox 654 2475 666 2502; x_wconf 70' lang='lat'><em>*</em></span> <span class='ocrx_word' id='word_1_180' title='bbox 685 2482 751 2516; x_wconf 81' lang='lat' dir='ltr'>eom.</span> <span class='ocrx_word' id='word_1_181' title='bbox 763 2467 795 2517; x_wconf 87' lang='lat' dir='ltr'>G.</span> 
     </span>
    </p>
   </div>
   <div class='ocr_carea' id='block_1_7' title="bbox 112 2628 1246 4308">
    <p class='ocr_par' dir='ltr' id='par_1_7' title="bbox 112 2628 1246 4308">
     <span class='ocr_line' id='line_1_24' title="bbox 209 2628 1246 2701; baseline 0.004 -21"><span class='ocrx_word' id='word_1_182' title='bbox 209 2640 330 2680; x_wconf 84' lang='lat' dir='ltr'>meinorat</span> <span class='ocrx_word' id='word_1_183' title='bbox 341 2629 474 2682; x_wconf 82' lang='lat' dir='ltr'>Kiisserus.</span> <span class='ocrx_word' id='word_1_184' title='bbox 499 2629 571 2682; x_wconf 75' lang='lat' dir='ltr'>aad.</span> <span class='ocrx_word' id='word_1_185' title='bbox 591 2629 699 2682; x_wconf 83' lang='lat' dir='ltr'>Aristid.</span> <span class='ocrx_word' id='word_1_186' title='bbox 751 2629 815 2682; x_wconf 82' lang='lat' dir='ltr'>Sive</span> <span class='ocrx_word' id='word_1_187' title='bbox 825 2629 870 2682; x_wconf 85' lang='lat' dir='ltr'>illa</span> <span class='ocrx_word' id='word_1_188' title='bbox 881 2639 939 2682; x_wconf 86' lang='lat' dir='ltr'>arte</span> <span class='ocrx_word' id='word_1_189' title='bbox 952 2629 1075 2700; x_wconf 77' lang='lat' dir='ltr'>pariatur</span> <span class='ocrx_word' id='word_1_190' title='bbox 1085 2628 1246 2701; x_wconf 59' lang='lat' dir='ltr'>aiiqiafive</span> 
     </span>
     <span class='ocr_line' id='line_1_25' title="bbox 210 2698 1243 2771; baseline 0.006 -25"><span class='ocrx_word' id='word_1_191' title='bbox 210 2698 262 2762; x_wconf 70' lang='grc' dir='ltr'>ὑπὲρ</span> <span class='ocrx_word' id='word_1_192' title='bbox 270 2707 312 2748; x_wconf 67' lang='lat' dir='ltr'>riu</span> <span class='ocrx_word' id='word_1_193' title='bbox 320 2700 441 2764; x_wconf 66' lang='grc' dir='ltr'><strong><em>τεσσάρων,</em></strong></span> <span class='ocrx_word' id='word_1_194' title='bbox 452 2701 477 2751; x_wconf 91' lang='lat' dir='ltr'>in</span> <span class='ocrx_word' id='word_1_195' title='bbox 487 2702 580 2769; x_wconf 86' lang='lat' dir='ltr'>quibus</span> <span class='ocrx_word' id='word_1_196' title='bbox 590 2701 622 2752; x_wconf 86' lang='lat' dir='ltr'>eli</span> <span class='ocrx_word' id='word_1_197' title='bbox 634 2715 702 2752; x_wconf 88' lang='lat' dir='ltr'>nern-</span> <span class='ocrx_word' id='word_1_198' title='bbox 751 2699 927 2752; x_wconf 79' lang='lat' dir='ltr'>exercitatione</span> <span class='ocrx_word' id='word_1_199' title='bbox 938 2701 1055 2771; x_wconf 85' lang='lat' dir='ltr'>quadam,</span> <span class='ocrx_word' id='word_1_200' title='bbox 1066 2699 1125 2764; x_wconf 84' lang='lat' dir='ltr'>five</span> <span class='ocrx_word' id='word_1_201' title='bbox 1136 2711 1243 2752; x_wconf 74' lang='lat' dir='ltr'>namra.</span> 
     </span>
     <span class='ocr_line' id='line_1_26' title="bbox 210 2767 1245 2886; baseline 0.004 -68"><span class='ocrx_word' id='word_1_202' title='bbox 210 2767 359 2886; x_wconf 82' lang='lat' dir='ltr'>pePericles</span> <span class='ocrx_word' id='word_1_203' title='bbox 377 2788 403 2838; x_wconf 90' lang='lat' dir='ltr'>p.</span> <span class='ocrx_word' id='word_1_204' title='bbox 425 2787 484 2835; x_wconf 85' lang='lat'>129.</span> <span class='ocrx_word' id='word_1_205' title='bbox 502 2782 526 2821; x_wconf 86' lang='lat' dir='ltr'>et</span> <span class='ocrx_word' id='word_1_206' title='bbox 547 2788 606 2834; x_wconf 85' lang='lat'>137.</span> <span class='ocrx_word' id='word_1_207' title='bbox 625 2771 701 2838; x_wconf 87' lang='lat' dir='ltr'>Jebb.</span> <span class='ocrx_word' id='word_1_208' title='bbox 753 2773 878 2822; x_wconf 80' lang='lat' dir='ltr'>Caeterum</span> <span class='ocrx_word' id='word_1_209' title='bbox 901 2772 932 2821; x_wconf 88' lang='lat' dir='ltr'>de</span> <span class='ocrx_word' id='word_1_210' title='bbox 961 2771 1007 2822; x_wconf 88' lang='lat' dir='ltr'>hac</span> <span class='ocrx_word' id='word_1_211' title='bbox 1036 2771 1169 2840; x_wconf 79' lang='lat' dir='ltr'>quaestione</span> <span class='ocrx_word' id='word_1_212' title='bbox 1195 2768 1245 2822; x_wconf 86' lang='lat' dir='ltr'>fere</span> 
     </span>
     <span class='ocr_line' id='line_1_27' title="bbox 227 2834 1245 2908; baseline 0.003 -21"><span class='ocrx_word' id='word_1_213' title='bbox 227 2834 278 2888; x_wconf 89' lang='lat' dir='ltr'>llud</span> <span class='ocrx_word' id='word_1_214' title='bbox 290 2837 441 2890; x_wconf 82' lang='lat' dir='ltr'>observabile</span> <span class='ocrx_word' id='word_1_215' title='bbox 459 2837 500 2899; x_wconf 81' lang='lat' dir='ltr'>est,</span> <span class='ocrx_word' id='word_1_216' title='bbox 513 2839 646 2892; x_wconf 75' lang='lat' dir='ltr'>Comitum</span> <span class='ocrx_word' id='word_1_217' title='bbox 664 2839 703 2891; x_wconf 79' lang='lat' dir='ltr'>his&#39;</span> <span class='ocrx_word' id='word_1_218' title='bbox 751 2843 835 2891; x_wconf 87' lang='lat' dir='ltr'>omnia</span> <span class='ocrx_word' id='word_1_219' title='bbox 845 2851 981 2891; x_wconf 86' lang='lat' dir='ltr'>occurrunt</span> <span class='ocrx_word' id='word_1_220' title='bbox 997 2841 1072 2892; x_wconf 87' lang='lat' dir='ltr'>etiam</span> <span class='ocrx_word' id='word_1_221' title='bbox 1085 2857 1127 2908; x_wconf 84' lang='lat' dir='ltr'>ap.</span> <span class='ocrx_word' id='word_1_222' title='bbox 1141 2843 1245 2891; x_wconf 83' lang='lat' dir='ltr'>Sextum</span> 
     </span>
     <span class='ocr_line' id='line_1_28' title="bbox 210 2905 1244 2980; baseline 0.005 -23"><span class='ocrx_word' id='word_1_223' title='bbox 210 2905 243 2957; x_wconf 81' lang='lat' dir='ltr'>dc</span> <span class='ocrx_word' id='word_1_224' title='bbox 260 2905 354 2960; x_wconf 86' lang='lat' dir='ltr'>Pericle</span> <span class='ocrx_word' id='word_1_225' title='bbox 373 2909 456 2960; x_wconf 82' lang='lat' dir='ltr'>verbis</span> <span class='ocrx_word' id='word_1_226' title='bbox 476 2910 515 2960; x_wconf 91' lang='lat' dir='ltr'>uti</span> <span class='ocrx_word' id='word_1_227' title='bbox 534 2911 560 2960; x_wconf 92' lang='lat' dir='ltr'>in</span> <span class='ocrx_word' id='word_1_228' title='bbox 580 2927 608 2963; x_wconf 87' lang='lat' dir='ltr'>eo</span> <span class='ocrx_word' id='word_1_229' title='bbox 627 2927 703 2980; x_wconf 87' lang='lat' dir='ltr'>argu-</span> <span class='ocrx_word' id='word_1_230' title='bbox 752 2911 850 2979; x_wconf 85' lang='lat' dir='ltr'>Empir.</span> <span class='ocrx_word' id='word_1_231' title='bbox 865 2911 921 2961; x_wconf 88' lang='lat' dir='ltr'>adr.</span> <span class='ocrx_word' id='word_1_232' title='bbox 936 2910 1020 2961; x_wconf 86' lang='lat' dir='ltr'>Math.</span> <span class='ocrx_word' id='word_1_233' title='bbox 1034 2911 1080 2961; x_wconf 91' lang='lat' dir='ltr'>lib.</span> <span class='ocrx_word' id='word_1_234' title='bbox 1102 2928 1129 2960; x_wconf 88' lang='lat'>2.</span> <span class='ocrx_word' id='word_1_235' title='bbox 1148 2912 1192 2979; x_wconf 87' lang='lat' dir='ltr'>qui</span> <span class='ocrx_word' id='word_1_236' title='bbox 1211 2909 1244 2962; x_wconf 86' lang='lat' dir='ltr'>est</span> 
     </span>
     <span class='ocr_line' id='line_1_29' title="bbox 210 2977 951 3049; baseline 0.007 -23"><span class='ocrx_word' id='word_1_237' title='bbox 210 2988 304 3038; x_wconf 87' lang='lat' dir='ltr'>mento,</span> <span class='ocrx_word' id='word_1_238' title='bbox 324 2977 371 3028; x_wconf 90' lang='lat' dir='ltr'>nbi</span> <span class='ocrx_word' id='word_1_239' title='bbox 394 2979 549 3048; x_wconf 86' lang='lat' dir='ltr'>indignatur,</span> <span class='ocrx_word' id='word_1_240' title='bbox 580 2991 703 3049; x_wconf 82' lang='lat' dir='ltr'>qnantum</span> <span class='ocrx_word' id='word_1_241' title='bbox 751 2979 951 3032; x_wconf 83' lang='lat' dir='ltr'>adv.Rhctoi·cs.</span> 
     </span>
     <span class='ocr_line' id='line_1_30' title="bbox 209 3047 1244 3120; baseline 0.007 -24"><span class='ocrx_word' id='word_1_242' title='bbox 209 3047 332 3098; x_wconf 89' lang='lat' dir='ltr'>malorum</span> <span class='ocrx_word' id='word_1_243' title='bbox 351 3047 461 3100; x_wconf 77' lang='lat' dir='ltr'>Graeciae</span> <span class='ocrx_word' id='word_1_244' title='bbox 472 3048 584 3100; x_wconf 84' lang='lat' dir='ltr'>&#39;Pericles</span> <span class='ocrx_word' id='word_1_245' title='bbox 602 3064 703 3120; x_wconf 84' lang='lat' dir='ltr'>propter</span> <span class='ocrx_word' id='word_1_246' title='bbox 788 3068 815 3100; x_wconf 85' lang='lat'>2.</span> <span class='ocrx_word' id='word_1_247' title='bbox 839 3049 994 3120; x_wconf 66' lang='lat' dir='ltr'>artifiiiffam</span> <span class='ocrx_word' id='word_1_248' title='bbox 1010 3047 1183 3119; x_wconf 82' lang='lat' dir='ltr'>elequentiam]</span> <span class='ocrx_word' id='word_1_249' title='bbox 1202 3051 1244 3104; x_wconf 85' lang='lat' dir='ltr'>De</span> 
     </span>
     <span class='ocr_line' id='line_1_31' title="bbox 209 3115 885 3189; baseline 0.001 -21"><span class='ocrx_word' id='word_1_250' title='bbox 209 3115 306 3184; x_wconf 79' lang='lat' dir='ltr'>aliquot</span> <span class='ocrx_word' id='word_1_251' title='bbox 317 3119 484 3170; x_wconf 81' lang='lat' dir='ltr'>meretriculas</span> <span class='ocrx_word' id='word_1_252' title='bbox 527 3121 631 3188; x_wconf 82' lang='lat' dir='ltr'>pererit:</span> <span class='ocrx_word' id='word_1_253' title='bbox 651 3138 703 3189; x_wconf 87' lang='lat' dir='ltr'>quo</span> <span class='ocrx_word' id='word_1_254' title='bbox 751 3120 809 3172; x_wconf 85' lang='lat' dir='ltr'>Inv.</span> <span class='ocrx_word' id='word_1_255' title='bbox 826 3138 849 3180; x_wconf 90' lang='lat' dir='ltr'>i,</span> <span class='ocrx_word' id='word_1_256' title='bbox 862 3137 885 3186; x_wconf 82' lang='lat'>5.</span> 
     </span>
     <span class='ocr_line' id='line_1_32' title="bbox 209 3185 1243 3262; baseline 0.005 -25"><span class='ocrx_word' id='word_1_257' title='bbox 209 3187 307 3238; x_wconf 89' lang='lat' dir='ltr'>nomine</span> <span class='ocrx_word' id='word_1_258' title='bbox 319 3185 422 3238; x_wconf 88' lang='lat' dir='ltr'>refertur</span> <span class='ocrx_word' id='word_1_259' title='bbox 434 3189 474 3240; x_wconf 88' lang='lat' dir='ltr'>hic</span> <span class='ocrx_word' id='word_1_260' title='bbox 502 3207 563 3242; x_wconf 84' lang='lat' dir='ltr'>ociis</span> <span class='ocrx_word' id='word_1_261' title='bbox 581 3189 656 3242; x_wconf 88' lang='lat' dir='ltr'>etiam</span> <span class='ocrx_word' id='word_1_262' title='bbox 669 3193 701 3242; x_wconf 83' lang='lat' dir='ltr'>ab</span> <span class='ocrx_word' id='word_1_263' title='bbox 789 3208 825 3257; x_wconf 79' lang='lat'>3.¹</span> <span class='ocrx_word' id='word_1_264' title='bbox 836 3192 918 3262; x_wconf 84' lang='lat' dir='ltr'>supra</span> <span class='ocrx_word' id='word_1_265' title='bbox 935 3187 1055 3254; x_wconf 84' lang='lat' dir='ltr'>diximus]</span> <span class='ocrx_word' id='word_1_266' title='bbox 1075 3189 1145 3260; x_wconf 69' lang='lat' dir='ltr'>Cap,</span> <span class='ocrx_word' id='word_1_267' title='bbox 1158 3189 1243 3260; x_wconf 86' lang='lat' dir='ltr'>proxi-</span> 
     </span>
     <span class='ocr_line' id='line_1_33' title="bbox 209 3256 933 3326; baseline 0.004 -18"><span class='ocrx_word' id='word_1_268' title='bbox 209 3256 336 3308; x_wconf 77' lang='lat' dir='ltr'>Athenaeo</span> <span class='ocrx_word' id='word_1_269' title='bbox 361 3275 404 3321; x_wconf 83' lang='lat'>13,</span> <span class='ocrx_word' id='word_1_270' title='bbox 423 3277 449 3326; x_wconf 88' lang='lat'>9.</span> <span class='ocrx_word' id='word_1_271' title='bbox 478 3259 545 3311; x_wconf 87' lang='lat' dir='ltr'>unde</span> <span class='ocrx_word' id='word_1_272' title='bbox 566 3257 703 3312; x_wconf 80' lang='lat' dir='ltr'>illustratur</span> <span class='ocrx_word' id='word_1_273' title='bbox 750 3275 802 3312; x_wconf 88' lang='lat' dir='ltr'>mo.</span> <span class='ocrx_word' id='word_1_274' title='bbox 932 3267 933 3270; x_wconf 76' lang='grc'>’</span> 
     </span>
     <span class='ocr_line' id='line_1_34' title="bbox 209 3326 1245 3399; baseline 0.005 -23"><span class='ocrx_word' id='word_1_275' title='bbox 209 3326 477 3393; x_wconf 79' lang='lat' dir='ltr'>uosier12,ie,a4.</span> <span class='ocrx_word' id='word_1_276' title='bbox 509 3329 635 3382; x_wconf 81' lang='lat' dir='ltr'>Caeterum</span> <span class='ocrx_word' id='word_1_277' title='bbox 656 3331 702 3398; x_wconf 88' lang='lat' dir='ltr'>qui</span> <span class='ocrx_word' id='word_1_278' title='bbox 785 3347 813 3392; x_wconf 88' lang='lat'>4.</span> <span class='ocrx_word' id='word_1_279' title='bbox 837 3339 903 3381; x_wconf 87' lang='lat' dir='ltr'>orat.</span> <span class='ocrx_word' id='word_1_280' title='bbox 925 3339 1010 3381; x_wconf 88' lang='lat' dir='ltr'>contra</span> <span class='ocrx_word' id='word_1_281' title='bbox 1031 3329 1113 3395; x_wconf 67' lang='lat' dir='ltr'>Sim]</span> <span class='ocrx_word' id='word_1_282' title='bbox 1140 3329 1245 3399; x_wconf 81' lang='lat' dir='ltr'>Repetit</span> 
     </span>
     <span class='ocr_line' id='line_1_35' title="bbox 207 3397 1243 3478; baseline -0.002 -26"><span class='ocrx_word' id='word_1_283' title='bbox 207 3397 344 3452; x_wconf 77' lang='lat' dir='ltr'>orationem</span> <span class='ocrx_word' id='word_1_284' title='bbox 369 3399 465 3454; x_wconf 82' lang='lat' dir='ltr'>tonitru</span> <span class='ocrx_word' id='word_1_285' title='bbox 496 3401 701 3468; x_wconf 78' lang='lat' dir='ltr'>comparaverint,</span> <span class='ocrx_word' id='word_1_286' title='bbox 752 3414 778 3464; x_wconf 83' lang='lat'>3,</span> <span class='ocrx_word' id='word_1_287' title='bbox 794 3417 818 3460; x_wconf 86' lang='lat' dir='ltr'>i,</span> <span class='ocrx_word' id='word_1_288' title='bbox 833 3418 875 3450; x_wconf 90' lang='lat' dir='ltr'>ii.</span> <span class='ocrx_word' id='word_1_289' title='bbox 889 3400 934 3451; x_wconf 85' lang='lat' dir='ltr'>Sed</span> <span class='ocrx_word' id='word_1_290' title='bbox 947 3411 1029 3460; x_wconf 86' lang='lat' dir='ltr'>caute,</span> <span class='ocrx_word' id='word_1_291' title='bbox 1042 3417 1059 3448; x_wconf 88' lang='lat' dir='ltr'>a</span> <span class='ocrx_word' id='word_1_292' title='bbox 1070 3399 1243 3478; x_wconf 76' lang='lat' dir='ltr'>proscriptam</span> 
     </span>
     <span class='ocr_line' id='line_1_36' title="bbox 209 3463 1243 3540; baseline 0.006 -24"><span class='ocrx_word' id='word_1_293' title='bbox 209 3463 296 3517; x_wconf 85' lang='lat' dir='ltr'>laudat</span> <span class='ocrx_word' id='word_1_294' title='bbox 315 3465 404 3518; x_wconf 87' lang='lat' dir='ltr'>Burin.</span> <span class='ocrx_word' id='word_1_295' title='bbox 418 3469 449 3520; x_wconf 86' lang='lat' dir='ltr'>ad</span> <span class='ocrx_word' id='word_1_296' title='bbox 470 3469 555 3521; x_wconf 86' lang='lat' dir='ltr'>Petro.</span> <span class='ocrx_word' id='word_1_297' title='bbox 577 3489 603 3521; x_wconf 84' lang='lat'>2.</span> <span class='ocrx_word' id='word_1_298' title='bbox 616 3489 643 3540; x_wconf 90' lang='lat' dir='ltr'>p.</span> <span class='ocrx_word' id='word_1_299' title='bbox 659 3488 699 3523; x_wconf 87' lang='lat' dir='ltr'>io.</span> <span class='ocrx_word' id='word_1_300' title='bbox 750 3469 777 3520; x_wconf 89' lang='lat' dir='ltr'>in</span> <span class='ocrx_word' id='word_1_301' title='bbox 791 3471 916 3521; x_wconf 81' lang='lat' dir='ltr'>Socratem</span> <span class='ocrx_word' id='word_1_302' title='bbox 932 3469 1040 3522; x_wconf 84' lang='lat' dir='ltr'>diximus</span> <span class='ocrx_word' id='word_1_303' title='bbox 1057 3477 1200 3530; x_wconf 86' lang='lat' dir='ltr'>oraticnem,</span> <span class='ocrx_word' id='word_1_304' title='bbox 1212 3479 1243 3522; x_wconf 90' lang='lat' dir='ltr'>ut</span> 
     </span>
     <span class='ocr_line' id='line_1_37' title="bbox 207 3535 1244 3612; baseline 0 -20"><span class='ocrx_word' id='word_1_305' title='bbox 207 3535 559 3603; x_wconf 76' lang='lat' dir='ltr'>Add.Fahius12,10‚⁶5.</span> <span class='ocrx_word' id='word_1_306' title='bbox 750 3539 802 3600; x_wconf 89' lang='lat' dir='ltr'>hic,</span> <span class='ocrx_word' id='word_1_307' title='bbox 822 3539 964 3612; x_wconf 59' lang='lat' dir='ltr'>conposuiffe</span> <span class='ocrx_word' id='word_1_308' title='bbox 982 3537 1082 3590; x_wconf 84' lang='lat' dir='ltr'>dicitur.</span> <span class='ocrx_word' id='word_1_309' title='bbox 1114 3539 1244 3592; x_wconf 86' lang='lat' dir='ltr'>Nimirum</span> 
     </span>
     <span class='ocr_line' id='line_1_38' title="bbox 248 3604 1243 3678; baseline 0.001 -21"><span class='ocrx_word' id='word_1_310' title='bbox 248 3624 273 3658; x_wconf 91' lang='lat' dir='ltr'>i.</span> <span class='ocrx_word' id='word_1_311' title='bbox 297 3604 363 3657; x_wconf 81' lang='lat' dir='ltr'>Finis</span> <span class='ocrx_word' id='word_1_312' title='bbox 381 3624 429 3661; x_wconf 88' lang='lat' dir='ltr'>noii</span> <span class='ocrx_word' id='word_1_313' title='bbox 447 3606 508 3674; x_wconf 87' lang='lat' dir='ltr'>erit]</span> <span class='ocrx_word' id='word_1_314' title='bbox 529 3609 586 3660; x_wconf 89' lang='lat' dir='ltr'>Non</span> <span class='ocrx_word' id='word_1_315' title='bbox 599 3609 700 3678; x_wconf 85' lang='lat' dir='ltr'>abrupit</span> <span class='ocrx_word' id='word_1_316' title='bbox 750 3606 841 3678; x_wconf 83' lang='lat' dir='ltr'>scripsit</span> <span class='ocrx_word' id='word_1_317' title='bbox 864 3608 905 3660; x_wconf 90' lang='lat' dir='ltr'>ille</span> <span class='ocrx_word' id='word_1_318' title='bbox 927 3609 1029 3677; x_wconf 89' lang='lat' dir='ltr'>quidem</span> <span class='ocrx_word' id='word_1_319' title='bbox 1051 3605 1243 3670; x_wconf 77' lang='lat' dir='ltr'>accusationem,</span> 
     </span>
     <span class='ocr_line' id='line_1_39' title="bbox 208 3674 1243 3748; baseline 0.006 -22"><span class='ocrx_word' id='word_1_320' title='bbox 208 3674 320 3744; x_wconf 74' lang='lat' dir='ltr'>profesio</span> <span class='ocrx_word' id='word_1_321' title='bbox 331 3677 372 3727; x_wconf 92' lang='lat' dir='ltr'>hic</span> <span class='ocrx_word' id='word_1_322' title='bbox 390 3677 524 3730; x_wconf 81' lang='lat' dir='ltr'>sermonem</span> <span class='ocrx_word' id='word_1_323' title='bbox 540 3679 646 3739; x_wconf 86' lang='lat' dir='ltr'>Fabius,</span> <span class='ocrx_word' id='word_1_324' title='bbox 657 3690 701 3733; x_wconf 90' lang='lat' dir='ltr'>aut</span> <span class='ocrx_word' id='word_1_325' title='bbox 749 3677 789 3730; x_wconf 89' lang='lat' dir='ltr'>sed</span> <span class='ocrx_word' id='word_1_326' title='bbox 809 3695 858 3729; x_wconf 90' lang='lat' dir='ltr'>non</span> <span class='ocrx_word' id='word_1_327' title='bbox 878 3696 933 3732; x_wconf 88' lang='lat' dir='ltr'>cam</span> <span class='ocrx_word' id='word_1_328' title='bbox 950 3696 1000 3746; x_wconf 89' lang='lat' dir='ltr'>qua</span> <span class='ocrx_word' id='word_1_329' title='bbox 1017 3677 1052 3728; x_wconf 89' lang='lat' dir='ltr'>usi</span> <span class='ocrx_word' id='word_1_330' title='bbox 1070 3679 1125 3728; x_wconf 88' lang='lat' dir='ltr'>suiit</span> <span class='ocrx_word' id='word_1_331' title='bbox 1136 3677 1243 3748; x_wconf 67' lang='lat' dir='ltr'>Anytus</span> 
     </span>
     <span class='ocr_line' id='line_1_40' title="bbox 208 3745 1243 3818; baseline 0.002 -22"><span class='ocrx_word' id='word_1_332' title='bbox 208 3761 325 3797; x_wconf 82' lang='lat' dir='ltr'>numeros</span> <span class='ocrx_word' id='word_1_333' title='bbox 337 3747 489 3816; x_wconf 82' lang='lat' dir='ltr'>interposuit,</span> <span class='ocrx_word' id='word_1_334' title='bbox 498 3747 537 3800; x_wconf 86' lang='lat' dir='ltr'>sed</span> <span class='ocrx_word' id='word_1_335' title='bbox 546 3765 622 3818; x_wconf 87' lang='lat' dir='ltr'>quarn</span> <span class='ocrx_word' id='word_1_336' title='bbox 631 3765 700 3802; x_wconf 88' lang='lat' dir='ltr'>com·</span> <span class='ocrx_word' id='word_1_337' title='bbox 749 3760 774 3800; x_wconf 87' lang='lat' dir='ltr'>et</span> <span class='ocrx_word' id='word_1_338' title='bbox 785 3746 902 3810; x_wconf 87' lang='lat' dir='ltr'>Melitus,</span> <span class='ocrx_word' id='word_1_339' title='bbox 914 3760 944 3799; x_wconf 93' lang='lat' dir='ltr'>ut</span> <span class='ocrx_word' id='word_1_340' title='bbox 964 3747 1085 3818; x_wconf 69' lang='lat' dir='ltr'>plerisque</span> <span class='ocrx_word' id='word_1_341' title='bbox 1097 3745 1186 3816; x_wconf 89' lang='lat' dir='ltr'>placet,</span> <span class='ocrx_word' id='word_1_342' title='bbox 1199 3766 1243 3799; x_wconf 88' lang='lat' dir='ltr'>ve-</span> 
     </span>
     <span class='ocr_line' id='line_1_41' title="bbox 208 3815 1242 3887; baseline 0.002 -21"><span class='ocrx_word' id='word_1_343' title='bbox 208 3815 345 3868; x_wconf 88' lang='lat' dir='ltr'>modissime</span> <span class='ocrx_word' id='word_1_344' title='bbox 357 3819 440 3885; x_wconf 89' lang='lat' dir='ltr'>potuit</span> <span class='ocrx_word' id='word_1_345' title='bbox 452 3817 483 3868; x_wconf 86' lang='lat' dir='ltr'>ad</span> <span class='ocrx_word' id='word_1_346' title='bbox 494 3817 570 3870; x_wconf 85' lang='lat' dir='ltr'>aliam</span> <span class='ocrx_word' id='word_1_347' title='bbox 585 3816 701 3887; x_wconf 79' lang='lat' dir='ltr'>questio-</span> <span class='ocrx_word' id='word_1_348' title='bbox 749 3835 806 3869; x_wconf 90' lang='lat' dir='ltr'>ium</span> <span class='ocrx_word' id='word_1_349' title='bbox 829 3817 1038 3876; x_wconf 85' lang='lat' dir='ltr'>declamatoriam,</span> <span class='ocrx_word' id='word_1_350' title='bbox 1062 3817 1164 3868; x_wconf 79' lang='lat' dir='ltr'>similem</span> <span class='ocrx_word' id='word_1_351' title='bbox 1184 3835 1242 3886; x_wconf 87' lang='lat' dir='ltr'>pro-</span> 
     </span>
     <span class='ocr_line' id='line_1_42' title="bbox 208 3885 1243 3958; baseline 0.003 -23"><span class='ocrx_word' id='word_1_352' title='bbox 208 3901 265 3936; x_wconf 88' lang='lat' dir='ltr'>nem</span> <span class='ocrx_word' id='word_1_353' title='bbox 277 3885 369 3948; x_wconf 86' lang='lat' dir='ltr'>transit,</span> <span class='ocrx_word' id='word_1_354' title='bbox 383 3887 529 3958; x_wconf 81' lang='lat' dir='ltr'>interpositis</span> <span class='ocrx_word' id='word_1_355' title='bbox 549 3889 631 3940; x_wconf 86' lang='lat' dir='ltr'>verbis</span> <span class='ocrx_word' id='word_1_356' title='bbox 644 3903 701 3957; x_wconf 81' lang='lat' dir='ltr'>quie</span> <span class='ocrx_word' id='word_1_357' title='bbox 750 3889 808 3939; x_wconf 87' lang='lat' dir='ltr'>inde</span> <span class='ocrx_word' id='word_1_358' title='bbox 819 3887 956 3939; x_wconf 85' lang='lat' dir='ltr'>laudationi</span> <span class='ocrx_word' id='word_1_359' title='bbox 968 3885 1101 3939; x_wconf 64' lang='lat' dir='ltr'>Busiridis:</span> <span class='ocrx_word' id='word_1_360' title='bbox 1129 3885 1243 3940; x_wconf 89' lang='lat' dir='ltr'>Ostendit</span> 
     </span>
     <span class='ocr_line' id='line_1_43' title="bbox 112 3956 1243 4026; baseline 0 -18"><span class='ocrx_word' id='word_1_361' title='bbox 112 4005 114 4008; x_wconf 88' lang='lat'>.</span> <span class='ocrx_word' id='word_1_362' title='bbox 208 3956 351 4009; x_wconf 83' lang='lat' dir='ltr'>membrum</span> <span class='ocrx_word' id='word_1_363' title='bbox 362 3973 439 4008; x_wconf 89' lang='lat' dir='ltr'>unuin</span> <span class='ocrx_word' id='word_1_364' title='bbox 454 3957 526 4010; x_wconf 85' lang='lat' dir='ltr'>alteri</span> <span class='ocrx_word' id='word_1_365' title='bbox 536 3959 572 4009; x_wconf 87' lang='lat' dir='ltr'>ita</span> <span class='ocrx_word' id='word_1_366' title='bbox 583 3958 701 4026; x_wconf 85' lang='lat' dir='ltr'>adjunge·</span> <span class='ocrx_word' id='word_1_367' title='bbox 750 3958 804 4010; x_wconf 88' lang='lat' dir='ltr'>haec</span> <span class='ocrx_word' id='word_1_368' title='bbox 824 3957 920 4010; x_wconf 80' lang='lat' dir='ltr'>Perire.</span> <span class='ocrx_word' id='word_1_369' title='bbox 941 3957 972 4007; x_wconf 89' lang='lat' dir='ltr'>ad</span> <span class='ocrx_word' id='word_1_370' title='bbox 994 3956 1243 4017; x_wconf 75' lang='lat' dir='ltr'>AElta.11,10.ex</span> 
     </span>
     <span class='ocr_line' id='line_1_44' title="bbox 208 4019 1242 4098; baseline 0 -20"><span class='ocrx_word' id='word_1_371' title='bbox 208 4036 274 4087; x_wconf 67' lang='lat' dir='ltr'>ient,</span> <span class='ocrx_word' id='word_1_372' title='bbox 286 4037 316 4078; x_wconf 87' lang='lat' dir='ltr'>ut</span> <span class='ocrx_word' id='word_1_373' title='bbox 327 4027 481 4080; x_wconf 86' lang='lat' dir='ltr'>commissura</span> <span class='ocrx_word' id='word_1_374' title='bbox 493 4027 535 4080; x_wconf 84' lang='lat' dir='ltr'>iix</span> <span class='ocrx_word' id='word_1_375' title='bbox 546 4039 672 4098; x_wconf 81' lang='lat' dir='ltr'>appareat.</span> <span class='ocrx_word' id='word_1_376' title='bbox 753 4027 874 4078; x_wconf 77' lang='lat' dir='ltr'>Isocrateo</span> <span class='ocrx_word' id='word_1_377' title='bbox 893 4026 1012 4080; x_wconf 87' lang='lat' dir='ltr'>Busiridis</span> <span class='ocrx_word' id='word_1_378' title='bbox 1033 4019 1174 4077; x_wconf 85' lang='lat' dir='ltr'>laudatione</span> <span class='ocrx_word' id='word_1_379' title='bbox 1191 4026 1242 4078; x_wconf 91' lang='lat' dir='ltr'>Po·</span> 
     </span>
     <span class='ocr_line' id='line_1_45' title="bbox 246 4094 1243 4168; baseline 0.002 -22"><span class='ocrx_word' id='word_1_380' title='bbox 246 4111 273 4146; x_wconf 86' lang='lat'>2.</span> <span class='ocrx_word' id='word_1_381' title='bbox 295 4113 363 4148; x_wconf 82' lang='lat' dir='ltr'>nerito</span> <span class='ocrx_word' id='word_1_382' title='bbox 383 4096 525 4163; x_wconf 81' lang='lat' dir='ltr'>diibitavit]</span> <span class='ocrx_word' id='word_1_383' title='bbox 553 4097 702 4168; x_wconf 83' lang='lat' dir='ltr'>Disputatur</span> <span class='ocrx_word' id='word_1_384' title='bbox 751 4095 840 4166; x_wconf 88' lang='lat' dir='ltr'>iycrati</span> <span class='ocrx_word' id='word_1_385' title='bbox 851 4095 971 4168; x_wconf 86' lang='lat' dir='ltr'>opposita,</span> <span class='ocrx_word' id='word_1_386' title='bbox 982 4113 1039 4164; x_wconf 87' lang='lat' dir='ltr'>quae</span> <span class='ocrx_word' id='word_1_387' title='bbox 1050 4094 1243 4165; x_wconf 86' lang='lat' dir='ltr'>antiquissimam</span> 
     </span>
     <span class='ocr_line' id='line_1_46' title="bbox 209 4164 1242 4233; baseline 0.002 -17"><span class='ocrx_word' id='word_1_388' title='bbox 209 4173 293 4216; x_wconf 75' lang='lat' dir='ltr'>tranen</span> <span class='ocrx_word' id='word_1_389' title='bbox 304 4167 373 4219; x_wconf 88' lang='lat' dir='ltr'>eade</span> <span class='ocrx_word' id='word_1_390' title='bbox 384 4183 411 4220; x_wconf 89' lang='lat' dir='ltr'>re</span> <span class='ocrx_word' id='word_1_391' title='bbox 427 4185 442 4218; x_wconf 88' lang='lat' dir='ltr'>a</span> <span class='ocrx_word' id='word_1_392' title='bbox 459 4169 494 4220; x_wconf 87' lang='lat' dir='ltr'>ud</span> <span class='ocrx_word' id='word_1_393' title='bbox 512 4169 571 4220; x_wconf 90' lang='lat' dir='ltr'>Cic.</span> <span class='ocrx_word' id='word_1_394' title='bbox 586 4168 616 4218; x_wconf 90' lang='lat' dir='ltr'>de</span> <span class='ocrx_word' id='word_1_395' title='bbox 627 4169 700 4219; x_wconf 80' lang='lat' dir='ltr'>Oret.</span> <span class='ocrx_word' id='word_1_396' title='bbox 752 4167 827 4218; x_wconf 84' lang='lat' dir='ltr'>habet</span> <span class='ocrx_word' id='word_1_397' title='bbox 839 4167 890 4233; x_wconf 85' lang='lat' dir='ltr'>ejus</span> <span class='ocrx_word' id='word_1_398' title='bbox 901 4167 936 4218; x_wconf 91' lang='lat' dir='ltr'>rei</span> <span class='ocrx_word' id='word_1_399' title='bbox 947 4166 1106 4218; x_wconf 84' lang='lat' dir='ltr'>mentionem.</span> <span class='ocrx_word' id='word_1_400' title='bbox 1136 4167 1171 4217; x_wconf 89' lang='lat' dir='ltr'>Et</span> <span class='ocrx_word' id='word_1_401' title='bbox 1187 4164 1242 4218; x_wconf 85' lang='lat' dir='ltr'>sane</span> 
     </span>
     <span class='ocr_line' id='line_1_47' title="bbox 210 4185 1245 4308; baseline -0.004 -16"><span class='ocrx_word' id='word_1_402' title='bbox 210 4249 240 4302; x_wconf 74' lang='lat'>³,</span> <span class='ocrx_word' id='word_1_403' title='bbox 261 4253 304 4306; x_wconf 80' lang='lat'>19.</span> <span class='ocrx_word' id='word_1_404' title='bbox 322 4235 379 4307; x_wconf 81' lang='lat' dir='ltr'>sqq-</span> <span class='ocrx_word' id='word_1_405' title='bbox 405 4185 480 4294; x_wconf 78' lang='lat' dir='ltr'>Asi.</span> <span class='ocrx_word' id='word_1_406' title='bbox 498 4238 559 4296; x_wconf 17' lang='lat' dir='ltr'>scic.</span> <span class='ocrx_word' id='word_1_407' title='bbox 577 4237 653 4294; x_wconf 82' lang='lat' dir='ltr'>Brut.</span> <span class='ocrx_word' id='word_1_408' title='bbox 673 4239 701 4291; x_wconf 85' lang='grc'>6.</span> <span class='ocrx_word' id='word_1_409' title='bbox 752 4235 946 4308; x_wconf 75' lang='lat' dir='ltr'>issimis-legia,</span> <span class='ocrx_word' id='word_1_410' title='bbox 957 4234 1062 4296; x_wconf 79' lang='lat' dir='ltr'>noanifi</span> <span class='ocrx_word' id='word_1_411' title='bbox 1077 4233 1245 4300; x_wconf 59' lang='lat' dir='ltr'>dedeclama,</span> 
     </span>
    </p>
   </div>
   <div class='ocr_carea' id='block_1_8' title="bbox 752 4325 816 4379">
    <p class='ocr_par' dir='ltr' id='par_1_8' title="bbox 752 4325 816 4379">
     <span class='ocr_line' id='line_1_48' title="bbox 752 4325 816 4379; baseline 0.047 -3"><span class='ocrx_word' id='word_1_412' title='bbox 752 4325 816 4379; x_wconf 68' lang='grc' dir='ltr'><strong>Η</strong></span> 
     </span>
    </p>
   </div>
   <div class='ocr_carea' id='block_1_9' title="bbox 0 0 1516 4920">
    <p class='ocr_par' dir='ltr' id='par_1_9' title="bbox 0 0 1516 4920">
     <span class='ocr_line' id='line_1_49' title="bbox 0 0 1516 4920; baseline 0 0"><span class='ocrx_word' id='word_1_413' title='bbox 0 0 1516 4920; x_wconf 95' lang='lat' dir='ltr'> </span> 
     </span>
    </p>
   </div>
  </div>
 </body>
</html>
