2938 4910
247 349 320 468 '412
494 391 538 450 M.
561 391 682 452 ninii
705 387 1054 452 uuincriiiiiri

254 573 332 630 uno,
348 575 414 642 quo
434 553 649 638 defendimur,
663 554 823 642 reliquum
839 553 894 632 en,
910 577 977 638 quo
997 552 1183 654 premimur.
1227 555 1291 632 Ae
1314 561 1365 646 13

227 661 232 675 ·
254 664 327 706 euni
344 641 517 726 qiicerimun
530 641 569 702 de
585 641 747 730 ambiguis
757 637 851 726 fignis
862 640 1021 702 cruditatis
1032 651 1066 728 et
1077 641 1194 716 veriani,
1206 640 1291 706 nihil

253 725 384 790 tertium
399 727 457 790 eli:
476 725 610 812 ideoque
626 739 760 811 utraque
774 746 856 810 pars,
873 726 958 812 quod
976 724 1148 812 proposuit,
1167 740 1289 790 tuetur.

255 811 385 876 Interim
409 823 516 876 autent
538 835 573 874 ei·
586 835 619 874 re
633 809 796 907 quaeritur,
812 809 985 896 veneficium
996 809 1110 895 suerit,
1129 835 1168 873 im
1185 813 1288 874 crudi-

253 900 325 960 ΜΡ
347 895 421 960 cuni
435 895 540 980 aliqua
550 917 588 958 ex
605 895 670 983 ipsa
683 896 763 960 citra
774 893 938 992 personam
954 915 1082 982 quoque
1098 909 1290 982 argumenta

251 979 425 1046 ducuntur.
461 979 569 1046 Refert
584 981 682 1059 enini,
699 980 869 1044 convivium
882 981 1068 1066 praecefferit,
1083 1005 1124 1042 aii
1139 979 1289 1065 tristitia?
1307 989 1359 1056 14

252 1065 371 1144 fobert,
389 1091 429 1129 ori
443 1068 566 1128 olium?
587 1065 710 1154 vigilio,
727 1089 768 1128 an
812 1065 904 1128 teies?
934 1067 1029 1128 AEtns
1052 1087 1117 1152 quo
1142 1087 1182 1130 ue
1205 1065 1287 1153 ejuS,

251 1151 306 1234 qui
322 1151 460 1236 perierit,
476 1151 641 1216 discrimen
658 1151 746 1216 facit.
791 1090 935 1228 interest,
953 1149 1056 1234 fiebili
1079 1089 1226 1236 dffeceri't,
1246 1177 1289 1216 aii
1351 1221 1355 1228 ,

252 1235 385 1322 longiore
397 1236 571 1301 valetudine
586 1236 818 1323 mnsumlusfil?
832 1235 977 1298 Liberior
992 1233 1098 1298 adbuc
1114 1235 1146 1298 in
1164 1249 1287 1300 utrant-

251 1323 315 1407 que
331 1335 454 1408 partein
469 1321 649 1406 disputatio,
667 1321 686 1384 fi
702 1335 825 1386 tantum
849 1320 952 1383 subita
973 1341 1059 1384 mors
1081 1320 1113 1383 in
1137 1322 1286 1407 quaeslio-

252 1429 325 1470 neni
352 1407 450 1472 venit.
496 1407 627 1470 Interim
652 1429 691 1470 ex
714 1409 838 1494 persona
865 1405 1011 1490 probatio
1033 1406 1075 1468 rei
1097 1407 1226 1492 petitur,
1253 1412 1353 1483 11215

249 1503 404 1580 propterea
425 1491 563 1556 credibile
573 1493 630 1574 stt,
645 1517 788 1554 venenum
796 1490 905 1576 staff,
942 1492 992 1552 ulo
1005 1491 1143 1554 credibile
1158 1491 1205 1575 est,
1222 1493 1289 1555 abt

252 1579 304 1640 hoe
314 1578 438 1662 ⁸[iidem
452 1575 648 1662 veneficium:
671 1577 721 1640 vel
736 1591 857 1639 contra.
904 1516 987 1640 (funi
1004 1597 1078 1638 vero
1093 1577 1128 1638 de
1143 1601 1189 1639 reo
1204 1591 1234 1639 et
1251 1579 1289 1639 de

240 1661 329 1748 jiielo
351 1663 516 1748 quoeritur,
531 1662 683 1726 naturalis
698 1661 776 1724 ordo
790 1661 844 1738 est,
861 1674 898 1724 ut
913 1661 1000 1747 prins
1016 1659 1133 1724 fatiunt
1156 1662 1215 1725 esse
1230 1685 1287 1726 ac-

252 1747 376 1812 colitoi
392 1749 515 1834 probet,
530 1746 645 1810 deinde
659 1769 678 1810 a
691 1769 746 1809 reo
761 1745 892 1809 fidium.
939 1747 972 1808 Si
995 1757 1102 1809 tamen
1125 1747 1229 1831 plures
1253 1749 1287 1811 in

250 1831 413 1918 personam
426 1847 434 1872 ¹
459 1833 659 1919 probationes
674 1831 832 1916 hebuerit,
849 1845 1012 1894 convertet
1027 1831 1113 1894 bunc
1127 1831 1285 1898 ordinem.

202 1977 208 1996 ,
252 1917 408 1980 Defensor
422 1931 528 1982 nutent
547 1919 633 2002 prius
649 1915 782 2002 negabit
796 1915 855 1979 esse
870 1915 987 1979 titium
1005 1941 1012 1978 :
1037 1917 1122 2002 quia,
1140 1918 1159 1978 si
1176 1917 1208 1979 in
1225 1912 1353 1982 hac16

252 2017 339 2086 parte
355 2003 477 2083 vicerit,
493 2001 615 2088 reliquii
636 2023 699 2064 nori
716 2001 836 2064 neeesse
859 2001 957 2063 liabet
980 2001 1106 2079 dicere;
1131 2001 1215 2064 vieto
1233 2004 1287 2067 fu-

200 2159 201 2170 *
250 2089 359 2172 peimi,
372 2103 409 2152 ut
425 2087 506 2160 tueri¹
521 2088 549 2150 fe
566 2087 667 2172 possit.
714 2087 785 2150 Illic
800 2108 941 2172 quoque,
957 2086 1013 2149 ubi
1028 2088 1064 2148 de
1064 2087 1154 2171 satio
1170 2099 1287 2151 totitem

252 2173 462 2236 coiitroire'rfia
484 2173 538 2248 est,
553 2171 641 2258 quod
667 2172 865 2257 siprobetur,
888 2193 953 2234 non
978 2172 1068 2256 possit
1091 2171 1131 2235 de
1156 2173 1287 2238 aneiore

251 2255 403 2335 dubitari,
420 2257 559 2319 similiter
584 2269 772 2342 argumenta
797 2268 829 2318 et
853 2277 890 2318 eii
911 2257 1046 2342 persone,
1062 2270 1095 2319 et
1114 2277 1153 2319 ex
1175 2282 1207 2318 re
1222 2257 1284 2320 du-

251 2354 378 2417 cuntur,
395 2341 446 2405 sed
461 2343 495 2405 in
516 2363 612 2404 uuam
633 2341 709 2406 faeti
724 2341 950 2425 quaestionenii
974 2341 1051 2404 ficut
1072 2341 1104 2404 in
1128 2341 1182 2404 illa
1204 2359 1283 2406 eo'n-
1299 2357 1345 2424 17

251 2427 408 2506 troverfia,
428 2427 598 2510 (utendum
623 2429 665 2490 est
689 2427 773 2489 enim
798 2437 831 2489 et
849 2425 903 2496 ¹liis
928 2425 1092 2512 exemplis,
1117 2449 1189 2512 queo
1213 2427 1288 2494 sunt
1330 2423 1334 2432 ⁴

250 2509 446 2578 discentibus
460 2511 563 2600 magis
577 2511 769 2590 familiaria.)
794 2511 963 2574 Abdicatus
987 2512 1138 2577 medicinae
1151 2511 1285 2595 studuit.

171 2643 178 2654 .
253 2597 327 2660 Cum
339 2611 428 2684 pater
460 2599 501 2664 'us
514 2610 686 2684 tegentem,
702 2598 921 2683 desperantibus
937 2598 972 2658 de
987 2619 1016 2659 eo
1031 2597 1132 2660 ceteris
1154 2597 1285 2678 medicis,

251 2683 415 2760 adhibitus,
427 2623 610 2770 Zinaturtim
622 2685 660 2767 sb
675 2681 765 2758 dixit,
779 2683 815 2766 fi
827 2683 870 2742 i'rs
884 2683 1028 2768 potionem
1043 2681 1222 2768 resedatum
1237 2681 1286 2746 bi-

253 2767 282 2828 bi
306 2783 344 2832 et.
380 2767 494 2849 'Peter²
514 2767 788 2914 acceptoesotioms
811 2778 893 2852 epoto
912 2778 1011 2852 perte,
1031 2765 1121 2845 dixit,
1141 2789 1292 2832 venenum

239 2853 275 2938 fi
295 2855 305 2914 ι’
331 2856 459 2926 datum:
471 2853 576 2940 filins,
592 2877 646 2939 quo
690 2852 836 2940 reliquum
860 2843 935 2927 erizt,
951 2849 1105 2934 exhaufit:
1124 2863 1212 2938 poter
1231 2855 1285 2916 de-

252 2937 350 3022 cefflt:
374 2938 425 3001 ille
436 2939 592 3036 parricidii
607 2962 674 3000 reiis
694 2936 742 3022 est
786 2935 990 3000 Manifestum
1014 2937 1068 3014 esi,
1084 2939 1155 3022 quis
1176 2937 1346 3024 potio-18

252 3045 325 3086 nem
342 3023 476 3100 dederit,
493 3030 584 3108 quaet
600 3021 620 3085 fi
638 3022 750 3085 veneni
766 3021 839 3098 fuit,
856 3021 945 3084 nulla
958 3020 1087 3106 quaeslio
1103 3024 1139 3083 de
1153 3031 1285 3088 utiliore.-

252 3124 359 3176 tnnien
374 3119 397 3187 ⁰,
415 3132 455 3170 aii
466 3109 569 3192 suerit
584 3131 738 3186 venenum,
754 3129 793 3169 ex
815 3106 1013 3200 argumentis
1029 3127 1047 3169 a
1061 3107 1190 3192 persona
1205 3108 1285 3173 duc·

259 3285 261 3296 ¹
283 3307 294 3358 ξ
311 3298 472 3346 laborantium
483 3299 529 3356 vig.
542 3297 572 3344 G.
584 3297 647 3343 Jeris.
728 3304 739 3336 t
759 3297 839 3344 adhuc
851 3297 881 3343 G.
893 3295 958 3342 male.
1041 3308 1050 3330 r
1069 3295 1168 3354 persona
1179 3295 1208 3342 G.
1221 3297 1285 3346 lens.

251 3369 260 3392 ⁸
280 3381 321 3408 eei.
335 3363 365 3408 G.
449 3377 456 3400 t
474 3377 527 3422 quee
540 3362 556 3406 li
569 3363 654 3407 veneni
666 3362 710 3406 snit
722 3363 753 3407 G.
764 3359 828 3408 lens.
841 3371 862 3405 er
873 3377 942 3406 omnes
949 3371 1004 3422 puto
1017 3359 1089 3407 MSS.
1108 3363 1286 3424 temercproi'rrde

252 3434 359 3490 expensio
370 3445 384 3472 a
396 3427 473 3488 Regio,
485 3437 506 3471 ct
512 3425 623 3490 plerisque
635 3425 758 3472 editoribus.
823 3433 834 3460 ¹¹
851 3425 891 3471 Sic
902 3427 932 3471 G.
944 3425 1007 3471 lens.
1019 3435 1115 3474 tantum
1127 3424 1181 3472 reL'

248 3591 361 3644 rietatem
378 3590 450 3657 supra
467 3584 611 3654 propositam
625 3583 741 3638 'attende-
790 3601 870 3646 mum,
891 3595 934 3636 int
953 3601 1039 3636 vetum
1059 3583 1112 3646 else,
1129 3586 1197 3654 qnod
1215 3585 1286 3648 nflor

249 3664 293 3720 rit,
306 3659 425 3714 nihilnos
437 3657 483 3710 sine
492 3655 585 3709 idoneis
597 3655 741 3708 aristoribus
790 3657 914 3724 proponit,
928 3667 971 3704 ant
993 3655 1060 3721 quod
1078 3653 1187 3708 defendit
1200 3673 1282 3730 pensi

250 3743 350 3780 conatos
362 3729 464 3780 videbit.
485 3726 608 3776 Sententia
620 3727 691 3776 nobis
702 3728 741 3776 vi·
766 3725 768 3728 ’
791 3725 807 3776 li
828 3727 907 3793 iginii·
928 3734 1051 3777 evertatur
1071 3723 1142 3785 illud,
1153 3721 1207 3793 'quo
1226 3717 1285 3776 re'iiii

249 3798 355 3849 debatur
367 3797 467 3864 pulchre
480 3796 514 3844 ibi
533 3793 648 3845 constare.
681 3797 741 3845 Sua·
789 3792 975 3852 defendebatur,
992 3793 1116 3860 reliquum
1135 3794 1177 3854 est,
1189 3805 1214 3845 et
1231 3794 1284 3848 eim

250 3869 311 3918 serat
332 3885 382 3926 reo,
395 3883 424 3916 iie
441 3865 500 3933 quid
520 3880 594 3914 unum
609 3864 739 3933 adfirmet:
791 3863 940 3914 nanciscitur·
952 3862 987 3924 iil,
1001 3880 1051 3929 quo
1068 3863 1218 3916 teuniadlor
1229 3881 1285 3932 pre-

250 3937 345 4004 alioqui
364 3937 429 3987 eninr
450 3946 493 3986 ant
515 3934 670 4000 probandum
687 3933 741 3994 else,
791 3935 885 3983 mebnt.
912 3932 997 3998 Igitur
1016 3929 1103 3982 melitis
1121 3932 1225 3984 estnihil
1239 3933 1285 3983 ad-

250 4019 294 4056 aut
312 4003 383 4056 caiisa
402 4003 599 4073 periclitandum.
628 4004 693 4054 Nnm
714 4014 742 4052 iit
791 4003 898 4054 sirmate.
924 4002 982 4051 Non
1017 3998 1150 4058 ossulogme
1169 4003 1288 4052 tlistrtiiie

249 4077 313 4126 inter
341 4074 513 4142 propositiones
540 4073 743 4124 contradiftorias
792 4073 882 4130 dicere,
894 4087 969 4138 quain
999 4069 1082 4120 atium
1100 4071 1224 4121 a-Fibiei
1245 4069 1286 4122 sed

264 4142 353 4212 quidni
381 4144 446 4194 enirn
476 4155 576 4193 utamur
604 4144 685 4194 verbis
716 4145 740 4192 in
790 4139 897 4192 diversos
926 4139 1009 4192 aditus
1035 4140 1066 4189 ad
1096 4137 1288 4208 intelligentiam

248 4211 334 4266 retiola
353 4212 484 4278 uiritim)
515 4211 740 4273 alteraneia‘eff,
790 4211 919 4272 hominum
943 4215 1011 4260 tento
1028 4208 1058 4276 ,ln
1079 4208 1115 4260 tis
1134 4207 1214 4276 loeis,
1239 4209 1287 4262 ubi·

249 4284 325 4337 altera
339 4279 414 4349 falfa5
432 4281 463 4344 sic
480 4281 555 4348 judex
576 4282 741 4340 inducitini-
790 4280 852 4340 alios
864 4275 981 4347 adhesisl‘e
993 4277 1124 4346 arbitror..

469 4473 472 4480 ’
506 4506 528 4545 x
