2938 4910
146 427 149 434 ’
247 443 308 518 360
503 439 1055 504 u.rasrrou1ucr1umu1

272 605 389 692 uisquis
411 604 485 684 suit,
510 603 564 692 qui
589 617 652 670 tres
676 605 737 670 hac
764 603 805 670 de
827 625 861 670 re
885 603 985 670 libros
1010 603 1122 682 edidit,
1145 593 1269 694 parcius
1301 597 1306 606 ⁸

249 627 408 756 diuorum
425 711 557 754 numero
573 689 773 769 indulfiss'ent‚
789 701 822 754 et
857 689 907 788 lus
920 689 1037 790 judieii
1052 689 1084 754 in
1100 689 1267 777 eligendis,

249 799 347 864 quam
376 775 410 838 in
436 775 647 862 congerendis
682 775 773 840 studii
803 775 1037 840 ahrburffentr
1074 775 1181 840 minus
1208 776 1267 839 ob·

245 861 379 947 jeuust
407 859 675 926 calumniantibus
702 859 806 925 soret:
843 859 899 946 qui
935 873 1039 926 tamen
1068 881 1154 924 nunc
1187 881 1268 948 quo·

251 967 327 1044 que,
344 945 438 1044 utin
457 945 544 1009 omni
565 945 633 1046 ejus
655 945 797 1046 ingenio,
810 943 947 1025 facilius,
961 944 1039 1032 quid
1056 943 1156 1032 rejici,
1173 965 1307 1087 quam6

250 1029 769 1202 llllsltmslltttffilt.
792 1029 1268 1201 illustraturus}

278 1221 317 1263 ue
345 1197 490 1264 mrumst
519 1201 573 1280 est,
603 1199 667 1264 hoc
702 1201 823 1286 semper
857 1199 1000 1280 humile;
1036 1199 1118 1286 saepe
1145 1221 1186 1264 ex
1218 1199 1269 1263 iu-

253 1223 369 1348 dustria
396 1284 435 1349 de
458 1297 622 1364 ravatum3
656 1297 806 1371 praeterea
831 1306 1005 1371 numquam
1035 1283 1269 1349 honorificum:

254 1369 423 1437 tumvaria
436 1305 602 1433 iiominum
619 1369 741 1456 judicia
754 1370 786 1433 in
802 1391 853 1448 eo,
890 1369 976 1434 uod‘
998 1391 1060 1432 non
1076 1369 1198 1434 ratione
1211 1369 1270 1432 ali·

277 1475 329 1534 ua,
345 1453 397 1518 sed
411 1465 503 1520 motu
517 1453 637 1518 animi¹
657 1453 808 1540 quodam,
822 1393 928 1520 nescio
940 1475 980 1519 an
996 1453 1163 1520 enarrabili
1173 1468 1198 1533 ⁸,
1210 1454 1269 1552 ju-

253 1473 391 1634 dicatur.
433 1539 551 1627 Neque
576 1539 639 1602 hoo
663 1539 704 1605 ab
726 1539 793 1604 ullo
817 1538 889 1604 satis
913 1537 1060 1630 explicari
1082 1553 1173 1628 puto,
1197 1539 1305 1615 hcet7

287 1758 298 1787 ‘¹
318 1757 422 1817 abjectus
433 1756 500 1806 locus
511 1758 574 1806 lens.
590 1757 644 1806 Inde
654 1757 708 1821 conj.
719 1759 775 1806 Bur.
787 1758 836 1817 obj.
844 1757 906 1818 jocis
917 1757 1128 1810 calumniantium.
1192 1755 1216 1786 Μ
1230 1755 1275 1802 sal-

257 1823 309 1872 sum
321 1822 383 1870 editi.
394 1823 494 1890 quadam
504 1821 589 1886 r'rfissse.
669 1829 679 1853 ²
697 1823 737 1872 Sic
747 1823 778 1872 G.
795 1823 851 1884 quia
862 1822 892 1870 el.
973 1821 984 1858 f
999 1823 1039 1870 Sic
1050 1823 1081 1871 G.
1092 1821 1155 1870 lens.
1168 1833 1189 1868 et
1198 1819 1277 1894 optim}

257 1887 337 1953 quique
347 1895 385 1950 ap.
396 1889 452 1936 Bur.
469 1885 519 1935 Alii
529 1887 604 1936 animi
614 1905 657 1936 m.
721 1893 733 1925 ⁸
751 1887 844 1936 effabili
851 1887 914 1936 leus.

259 2062 292 2116 let
310 2063 443 2130 majuscula
462 2061 532 2117 litera
550 2061 621 2118 scribi
639 2065 741 2118 Praeno-
790 2064 840 2118 cari
850 2067 931 2117 vetuit
949 2064 1091 2135 Augustus.
1111 2063 1172 2116 Vid.
1191 2065 1274 2114 Sueto.

259 2147 325 2195 men,
341 2133 534 2187 convindionem
551 2135 697 2196 minuscula,
711 2135 742 2188 il·
791 2153 816 2188 c.
832 2153 874 2200 57.
886 2144 911 2186 et
922 2135 959 2187 ibi
971 2137 1061 2187 Burm.

258 2203 312 2256 lum
324 2220 339 2254 a
350 2204 443 2256 criticis
458 2203 666 2273 disputationibus
681 2205 744 2258 inte·
781 2212 787 2219 ·
827 2208 854 2256 6.
872 2203 913 2256 boc
921 2207 1019 2276 semper
1035 2202 1136 2268 humile]
1155 2200 1278 2255 Illiberale

259 2273 307 2324 rim
319 2271 539 2338 abstinerejussero.
570 2273 694 2326 Caetenrm
706 2272 744 2326 fa·
793 2273 894 2342 semper,
911 2285 935 2324 et
952 2273 1024 2326 servis
1041 2290 1115 2341 quam
1134 2271 1216 2324 liberis
1232 2270 1278 2322 ho-

259 2339 503 2394 vethuicsententiae
521 2341 655 2396 Gothanus
672 2341 744 2408 liber,
793 2343 902 2395 minibus
912 2343 1015 2414 dignius
1030 2342 1144 2394 habitum
1161 2341 1194 2393 ert
1210 2355 1278 2392 men·
1311 2369 1314 2378 ν

260 2409 481 2480 οπιίῑῐεηάιιτῇιιι
509 2409 574 2463 favet
592 2411 638 2464 hoc
658 2411 744 2484 inpri-
794 2413 845 2466 tiri.
1110 2479 1134 2492 ..

188 2523 191 2530 ·
261 2478 748 2632 riurlrurlruruuu
793 2479 1278 2622 ..turtur‘¹lpu

262 2619 295 2672 sb
315 2619 414 2688 ingenio
436 2619 492 2678 viri,
504 2631 528 2670 et
548 2637 562 2672 a
581 2619 747 2673 simultatrbus
795 2637 835 2680 ue,
859 2637 910 2690 qua
929 2638 1020 2690 eorpus
1040 2621 1065 2672 in
1085 2619 1134 2670 risu
1157 2629 1278 2679 movetur,

262 2688 376 2760 postremi
394 2689 522 2759 temporis,
533 2688 661 2749 abhorrere
680 2690 747 2742 vide·
797 2689 835 2742 sed
854 2681 884 2741 de
902 2708 941 2750 eo,
954 2689 1015 2758 quid
1037 2689 1147 2741 animum
1165 2687 1194 2737 ad
1215 2687 1279 2739 exci-

263 2757 394 2810 turhonor
412 2756 453 2810 ille
473 2754 542 2810 fratri
555 2758 664 2810 habitus.
691 2759 749 2811 Cae-
796 2757 898 2810 tandum
919 2759 943 2809 in
964 2772 1064 2829 corpore
1080 2757 1155 2809 risum
1173 2769 1279 2808 movear.

264 2833 356 2889 terum,
372 2839 401 2878 ut
418 2828 500 2878 minus
517 2825 675 2880 desideremus
693 2829 749 2878 illos
797 2829 832 2880 Et
848 2827 902 2879 sane
918 2826 1018 2880 difficile
1035 2829 1133 2880 videtur
1149 2843 1199 2877 una
1215 2823 1280 2895 quali
1362 2823 1365 2838 '

264 2895 371 2961 Tironis
390 2896 475 2956 libros,
495 2907 548 2948 tum
568 2897 617 2966 ipse
637 2897 749 2967 prestitit
798 2895 904 2948 formula
921 2897 1121 2966 comprehendere
1142 2897 1234 2956 omnia,
1257 2907 1280 2948 et

266 2965 355 3018 Cicero
366 2967 437 3020 Fam.
451 2983 476 3029 7,
491 2983 532 3030 32.
549 2978 573 3018 et
585 2968 610 3020 in
622 2967 708 3036 primis
720 2967 751 3018 de
798 2967 887 3027 dicere,
909 2967 1001 3034 quibus
1020 2969 1093 3018 rebus
1115 2965 1198 3036 posuis
1220 2964 1281 3016 risus

267 3037 339 3086 Orat.
363 3053 388 3095 2,
402 3039 444 3102 58.
457 3033 512 3154 ¹sqq.
532 3035 556 3086 in
576 3053 650 3104 quem
670 3034 751 3088 locum
799 3037 969 3106 consequatur.
987 3037 1021 3088 Et
1033 3033 1186 3088 forteadhuc
1197 3052 1281 3086 verum

267 3103 342 3154 exstat
363 3103 402 3156 Io.
422 3103 457 3154 Pa
476 3103 545 3155 erarii
565 3101 753 3174 praefatiuncula
790 3105 832 3160 ‚etr
844 3103 903 3156 illud
917 3105 974 3157 Cic.
987 3106 1016 3157 de
1028 3107 1100 3156 Orat.
1114 3123 1140 3166 2,
1154 3121 1195 3170 54.
1210 3101 1282 3170 Omni

267 3173 333 3240 apud
351 3171 510 3224 Patilloninm
529 3173 552 3222 in
571 3173 613 3224 off.
628 3175 677 3225 Ro.
700 3175 752 3225 Sre-
800 3175 830 3224 de
841 3191 868 3224 re
877 3174 986 3240 facetius
996 3183 1053 3244 puto
1065 3172 1125 3242 poffe
1147 3173 1180 3222 ab
1192 3171 1283 3224 honrine

268 3241 344 3310 plisni
369 3261 378 3292 r
387 3257 445 3308 594,
465 3245 491 3292 8.
510 3251 585 3311 atque
602 3241 668 3294 Adr.
684 3243 754 3294 Tur·
802 3261 848 3295 non
857 3243 984 3302 inurbane,
993 3261 1066 3313 quam
1076 3245 1106 3294 de
1115 3242 1168 3311 ipſss
1171 3240 1282 3309 facetiis,

269 3311 326 3361 nebi
343 3311 533 3362 commentarius
554 3311 684 3380 aliquoties
703 3312 754 3364 edi-
801 3311 1017 3384 disputari-Qu
1034 3312 1085 3364 e‘us
1107 3311 1144 3364 rei
1164 3310 1284 3362 rationem

271 3391 329 3444 rus5
354 3390 407 3430 turn
425 3377 612 3448 elegantislimus
629 3373 755 3445 vavassor,
802 3383 923 3450 quandam
939 3381 1019 3434 conati
1028 3331 1283 3452 fiuntur-remquam-

271 3451 316 3518 qui
337 3449 446 3518 undique
466 3449 592 3500 Ciceronis
607 3450 677 3516 jocos
697 3468 755 3501 con·
803 3451 869 3512 dere,
880 3449 915 3520 fir
931 3450 1010 3522 inficis
1023 3449 1172 3529 exstirerunt,
1183 3457 1212 3498 ut
1225 3447 1286 3500 nihil
1360 3463 1362 3471 ’

303 3517 349 3580 siit,
362 3518 438 3588 iisque
449 3519 538 3569 bonam
567 3529 643 3570 artem
656 3519 713 3570 libri
725 3521 756 3571 de
803 3520 972 3581 abscisorum,
986 3519 1029 3587 mfi
1044 3520 1094 3590 ipsa
1112 3517 1237 3588 insulsitas,
1247 3517 1284 3568 ri·

271 3537 617 3664 iridicrsdislioneimpiivit.
645 3589 694 3640 His
707 3589 755 3658 igi·
802 3589 900 3641 deutur.
930 3593 1017 3660 Qars
1036 3588 1094 3641 mihi
1110 3587 1204 3658 quidem
1222 3586 1284 3637 nullo

272 3667 315 3708 tur
332 3673 377 3708 nos
398 3657 510 3716 solemur,
523 3673 580 3708 curn
598 3657 627 3708 ad
646 3675 690 3708 nos
707 3675 756 3712 non
804 3657 906 3712 videtur
916 3659 981 3710 modo
991 3659 1102 3710 dedeina
1117 3658 1213 3726 issam
1225 3655 1285 3724 poffe
1309 3709 1312 3719 ,

272 3726 460 3796 pervenitliher
476 3725 506 3777 de
522 3725 605 3778 iisdem
622 3727 757 3790 Trebonii,
804 3727 879 3780 tradi.
904 3729 974 3780 Add.
988 3745 1012 3788 c.
1028 3733 1069 3792 58.
1096 3727 1229 3796 Equidem,
1241 3742 1286 3794 pa-

273 3796 305 3847 de
316 3795 367 3864 quo
372 3797 466 3864 gratias
477 3794 513 3848 illi
524 3796 577 3864 agit
586 3795 674 3848 Cicero
683 3798 756 3850 Fam.
805 3815 860 3848 rum
872 3797 946 3858 abest,
957 3797 1018 3865 quin
1034 3796 1129 3848 ridiculi
1139 3811 1187 3846 non
1204 3795 1286 3846 minus

273 3863 758 4003 reuersurus?llllzsbl
806 3865 1286 4004 tlttllllltllzttlu“gt“

206 3963 209 3970 ¹
592 3968 599 3994 l
747 3968 759 3979 ¹
1277 3966 1288 3992 ,⁸

275 4003 369 4055 ceronis
383 4019 481 4072 quoque
497 4002 574 4061 dicta,
585 4001 705 4055 nescioan
722 4005 758 4058 lo·
808 4006 871 4056 neris
890 4003 1002 4065 referam,
1022 4005 1046 4054 in
1069 4021 1119 4074 quo
1138 4019 1186 4055 non
1207 4001 1290 4052 multo

275 4071 310 4132 la,
332 4068 462 4132 rescrebat,
480 4070 510 4122 de
528 4072 627 4140 quibus
647 4073 710 4125 ibid.
733 4093 758 4140 9,
808 4073 953 4142 plusquam
970 4074 1039 4124 desa
1073 4075 1152 4132 ribus,
1162 4071 1289 4122 odoribus-

277 4144 322 4192 1⁶.
348 4140 475 4194 Nimirum
485 4140 538 4193 haec
553 4141 637 4194 eadem
647 4143 761 4196 videntur
808 4161 867 4210 quc,
887 4153 911 4194 et
928 4143 990 4194 sonis
1007 4142 1033 4194 di
1044 4144 1124 4211 putari
1142 4139 1221 4212 pulsu,
1233 4139 1291 4192 licet

190 4259 194 4268 ,
266 4208 729 4280 ‘ditiacolleslanempuerojamcoe
748 4246 759 4256 -
796 4213 835 4263 ’ἰη
846 4212 991 4282 quibusdam
1007 4229 1091 4264 eorum
1109 4212 1195 4280 majori
1211 4209 1292 4270 homi·

277 4288 314 4343 ts,
326 4295 381 4350 qua
393 4295 452 4334 cum
462 4279 518 4336 aliis
536 4281 613 4353 patris
623 4280 660 4336 sui
677 4231 761 4354 pubi·
808 4299 868 4336 uum
879 4284 943 4352 parti
954 4281 1090 4338 conveniat.
