3024 4912
234 338 288 394 ιω
464 329 510 393 M.
531 331 654 390 FABII
677 325 1026 408 ourmcrtulhm

229 495 384 562 Martiam
410 495 514 558 debeat
539 507 708 580 quaeretur,
727 493 781 556 nist
810 491 918 557 Catoni
939 491 1072 557 ducenda
1095 517 1170 558 uxor
1194 491 1264 578 est?

231 583 314 646 Sunt
328 595 434 645 tamen
447 579 585 666 inscripti
600 580 729 643 nomine
745 583 955 664 Hermagorae
975 577 1057 656 libri,
1073 579 1129 664 qui
1145 579 1261 644 consir-
1279 589 1319 651 14

230 681 321 732 ment
336 667 422 732 illam
436 665 631 750 opinionem,
648 665 708 729 sive
722 663 816 728 falsus
831 665 872 728 esi
888 663 1014 742 titulus,
1031 665 1090 726 sive
1110 665 1191 728 alius
1209 665 1263 728 hic

231 754 448 840 Hermagoras
462 749 535 814 suit.
580 751 666 814 Nam
682 749 821 838 ejusdem
838 749 898 814 effe
912 769 978 834 quo
1000 749 1100 812 modo
1126 749 1262 836 possunt,

230 839 287 928 qui
311 837 350 900 de
374 837 432 899 hac
455 849 523 900 arte
548 835 734 900 mirabiliter
753 835 856 900 multa
876 835 1066 920 composuit,
1085 857 1172 912 cum,
1186 835 1265 899 ficut
1344 859 1349 874 ·

230 945 271 987 ex
296 921 461 986 Ciceronis
485 943 615 1008 quoque
640 921 818 985 rhetorico⁵
846 920 950 1008 primo
979 919 1178 984 manifestum
1208 921 1263 997 esi,

231 1007 394 1072 materiam
420 1007 593 1070 rhetorices
609 1007 640 1070 in
663 1007 770 1092 thesest
796 1020 829 1069 et
851 1005 965 1089 caussas
989 1005 1152 1069 diviserit?
1177 1005 1264 1091 quod
1279 1011 1317 1080 15

232 1090 437 1178 reprehendit
452 1093 585 1156 Cicero:
611 1113 647 1156 ac
663 1091 763 1156 thefin
779 1091 858 1154 nihil
873 1091 913 1154 ad
928 1102 1085 1154 oratorem
1109 1091 1265 1176 pertinere

232 1177 411 1253 contendit,
426 1189 531 1241 totum
556 1199 597 1240 ue
613 1177 675 1240 hoc
690 1199 792 1263 genus
807 1175 986 1261 quaeslionis
1006 1175 1045 1238 ad
1062 1175 1265 1261 philosophos

232 1263 340 1327 refert.
385 1262 449 1326 Sed
473 1200 695 1326 meliberavit
719 1261 994 1348 reprehendendiu
1018 1261 1217 1338 verecundia,
1232 1275 1266 1326 et

233 1347 323 1446 quod
338 1348 400 1433 ipse
425 1348 485 1411 hos
499 1347 599 1410 libros
613 1348 786 1446 improbat,
802 1361 836 1411 et
858 1347 945 1432 quod
962 1346 994 1409 in
1019 1360 1153 1425 oratore,
1170 1360 1267 1433 atque
1305 1381 1308 1387 v

233 1434 285 1513 ire,
301 1457 383 1519 quos
403 1433 444 1496 de
465 1446 589 1496 oratore
612 1432 742 1518 scrtpfit,
757 1433 846 1497 libris
859 1443 884 1508 ¹,
900 1446 933 1496 et
953 1431 1095 1516 Topicis,
1111 1432 1265 1518 praecipit,

234 1531 273 1582 ut
287 1541 306 1582 a
320 1518 454 1605 propriis
470 1518 609 1604 personis
624 1531 720 1604 atque
735 1517 932 1602 temporibus
948 1539 1118 1582 avocemus
1136 1532 1265 1600 coutro-

235 1604 385 1668 versram:
419 1605 494 1689 quin
516 1603 613 1668 latius
637 1603 743 1668 dicere
767 1603 862 1666 liceat
885 1603 926 1668 de
948 1623 1078 1688 genere,
1104 1625 1199 1690 quam
1226 1604 1267 1668 de

236 1691 351 1776 specie,
366 1703 399 1752 et
421 1688 508 1774 quod
529 1689 561 1752 in
583 1689 727 1753 universo
742 1691 910 1774 probatum
935 1689 1009 1765 fit‘,
1025 1689 1057 1750 in
1083 1703 1170 1774 parte
1193 1711 1267 1774 pro-

235 1775 346 1840 batum
364 1773 422 1838 esle
438 1775 557 1838 necesle
572 1774 617 1837 stt.
662 1774 770 1839 Status
785 1786 891 1838 autem
907 1773 939 1836 iu
959 1773 1021 1836 hoc
1044 1795 1140 1837 omne
1164 1795 1267 1858 genus
1284 1766 1322 1828 16

237 1861 379 1924 materiae
393 1859 502 1938 iidem,
518 1859 573 1944 qui
588 1861 619 1922 in
637 1859 754 1924 caussas
767 1874 779 1898 ²
803 1859 933 1922 cadunt.
977 1859 1029 1922 Ac
1043 1857 1105 1922 hoc
1120 1859 1132 1898 δ
1155 1859 1267 1945 adjici-

237 1962 301 2022 tur,
328 1946 404 2008 alias
430 1945 488 2008 esse
515 1946 700 2030 quaestiones
727 1946 759 2007 in
786 1941 986 2028 rebusipfis,
1012 1944 1101 2020 alias,
1129 1966 1201 2029 quae
1227 1945 1267 2008 ad

237 2031 345 2094 aliud‘
371 2028 564 2109 reserantur:
588 2028 680 2106 illud,
694 2031 751 2092 Aa
773 2053 847 2092 uxor
862 2029 1023 2090 rictrude?
1046 2029 1120 2107 hoe,
1135 2031 1188 2096 Aa
1199 2031 1272 2127 sarri

238 2117 400 2179 ducenda?
422 2114 513 2188 illud,
530 2115 584 2176 Aa
596 2114 722 2199 sortis?
752 2115 826 2191 hoc,
841 2115 893 2176 Aa
905 2113 1049 2198 sortior?
1070 2115 1127 2176 etd
1146 2114 1268 2178 similia.

240 2201 384 2265 Causlam
403 2200 471 2262 sinit
487 2199 713 2285 ApollodoruS,
729 2214 766 2262 ut
780 2198 1039 2284 interpretatione
1053 2197 1161 2286 Valgii
1171 2211 1184 2236 ⁶
1206 2201 1268 2265 dis·
1287 2211 1322 2276 17

237 2286 336 2372 cipuli
351 2284 418 2370 ejus
434 2299 516 2363 utar,
533 2285 589 2362 itu,
608 2285 716 2370 Cauſja
731 2283 769 2369 ist
782 2285 929 2370 negotium
946 2283 1077 2346 omnibus
1087 2285 1156 2370 suis
1167 2288 1269 2372 parti·

241 2371 438 2460 susspiciens
454 2371 497 2434 ad
509 2368 715 2457 pumilionem:
738 2383 804 2446 aut,
823 2369 932 2454 Couffir
953 2367 991 2454 est
1012 2369 1170 2454 negotium,
1189 2373 1271 2458 crrjm

227 2455 310 2542 fiais
339 2455 376 2553 <st
397 2455 602 2541 controvrrsto.
649 2453 753 2542 Ipsum
780 2453 896 2518 deinde
926 2454 1094 2540 negotium
1123 2456 1163 2523 fic
1189 2456 1271 2536 fmit,

241 2543 401 2628 Negotium
427 2541 464 2628 est
492 2541 679 2626 congregatio
706 2542 907 2628 personarum,
937 2538 1075 2618 locorum,
1103 2551 1271 2627 temporam,
1309 2537 1311 2542 ’

241 2630 417 2712 caussarum,
433 2629 592 2706 modorum,
608 2627 907 2715 casuumfaiiorum,
923 2622 1186 2711 iatrameatorum,
1200 2628 1271 2713 sir-

243 2713 566 2800 aronam,sariptoram‚
581 2725 609 2780 et
624 2711 876 2796 conscriptorum.
923 2710 1060 2796 Cauſjam
1076 2733 1161 2776 nunc
1176 2712 1273 2775 intel:
1289 2701 1326 2776 13

242 2798 376 2883 ligimus
400 2797 540 2874 irrideam,
557 2795 704 2882 negotium
727 2796 893 2876 arepifaarr.
938 2796 1001 2858 Sed
1027 2796 1121 2882 ipsam
1138 2795 1273 2860 caussam

241 2882 376 2969 quidam
406 2877 547 2946 similiter
574 2881 735 2960 finierunt,
766 2892 804 2942 ut
839 2878 1057 2965 Apollodorus
1094 2881 1272 2970 negotium.

279 3069 431 3116 ‘rhetorica
443 3070 474 3115 G.
554 3069 651 3116 ‘thesis
663 3069 693 3116 G.
705 3067 768 3116 Jcns.
780 3067 815 3114 hic
827 3079 848 3114 et
852 3069 922 3133 saepe.
1014 3067 1199 3128 'respondendi
1211 3067 1273 3114 leus.

246 3137 361 3179 tunsi.
427 3143 440 3166 z
456 3136 489 3179 esi
501 3133 531 3180 G.
542 3133 605 3179 Jens'.
671 3133 849 3180 tcaut'mniid.
915 3133 1033 3180 bAdhuc
1049 3134 1089 3180 tia.
1155 3133 1275 3192 ‘aliquid

245 3197 286 3250 ila.
353 3203 362 3226 ⁸
382 3207 406 3243 et
418 3197 504 3245 similia
515 3215 556 3244 aar.
568 3199 642 3244 iidem.
709 3207 718 3227 ὕ
739 3199 806 3259 Valgi
816 3199 880 3246 leus.

258 3417 263 3424 ,
285 3379 326 3424 ¹4·
355 3359 405 3410 Cic.
430 3360 494 3412 rhet.
515 3360 608 3429 prima]
640 3360 685 3412 five
707 3359 738 3412 de
786 3357 853 3410 ribus
869 3360 905 3410 ad
914 3356 1027 3428 aniverfi
1030 3360 1128 3426 generis
1144 3361 1275 3413 orationem

242 3429 304 3482 Iuv.
325 3450 348 3491 1,
363 3432 404 3494 6„
785 3430 913 3488 marsalia,
924 3429 1062 3497 appellatur
1072 3427 1139 3495 thesis
1149 3432 1199 3482 icc.
1349 3425 1353 3434 ¹

286 3517 327 3564 15.
346 3499 392 3568 ipse
408 3485 453 3550 irs
473 3497 545 3550 dbrrs
561 3499 651 3567 impr]
674 3499 735 3552 vid.
826 3517 866 3563 ¹5·
892 3500 921 3549 de
940 3501 1049 3563 aratore]
1069 3503 1102 3550 V.
1124 3499 1161 3551 G.
1186 3518 1210 3562 3,
1230 3516 1272 3562 30.

246 3566 361 3636 supraud
377 3587 401 3632 3,
419 3589 441 3628 r,
455 3587 498 3618 20.
785 3567 946 3631 Ornatiffimae
956 3569 1017 3637 sunt
1033 3569 1152 3620 arationes
1167 3585 1210 3628 eae,
1222 3585 1274 3636 qaae

288 3657 328 3702 ις.
359 3637 385 3689 ia
403 3639 512 3701 oratore]
531 3641 564 3690 V.
588 3639 626 3690 G.
647 3656 669 3688 e.
692 3655 735 3700 ¹4·
783 3636 889 3702 latiffime
900 3647 1042 3705 vagantur,
1054 3648 1105 3689 eta
1120 3636 1231 3706 privata
1244 3653 1274 3686 ac

248 3707 352 3767 Orator,
361 3725 406 3758 ram
415 3705 638 3777 islr·vusgaris,std
645 3705 683 3758 bic
694 3724 736 3756 ex·
777 3706 900 3775 singulari
912 3705 1107 3774 sormaversrasc
1118 3707 1154 3758 ad
1163 3703 1276 3771 universi

245 3775 332 3826 cellans
341 3795 357 3824 a
366 3775 471 3842 propriis
478 3775 585 3846 personis
593 3787 616 3826 et
624 3775 736 3842 tempori.
781 3775 880 3844 generis
890 3775 946 3826 vira
963 3773 1132 3844 explicamsam
1149 3775 1274 3841 conferunt

248 3842 402 3915 hussemprr,
415 3844 441 3910 fi
446 3843 528 3912 potest,
541 3854 636 3895 avocat
645 3857 737 3896 contro·
785 3857 808 3897 et
820 3856 975 3904 convertunt,
987 3855 1013 3896 ut
1024 3844 1043 3894 ii
1052 3845 1093 3914 qui
1104 3844 1217 3904 irradiant,
1229 3862 1274 3895 na-

247 3913 367 3980 vrrfiam.
399 3914 486 3966 Latias
507 3916 571 3966 enim
588 3915 617 3964 de
633 3929 736 3980 gerare,
772 3924 854 3975 ¹tara,
866 3923 891 3964 et
903 3931 1002 3981 genere,
1013 3923 1038 3965 et
1054 3914 1174 3984 universa
1185 3931 1213 3964 re
1224 3931 1274 3982 crg-

247 3999 322 4050 paam
334 3985 363 4034 de
376 3992 451 4049 parte
462 3982 594 4052 disceptare
609 3983 678 4034 licet:
701 3994 736 4043 at,
786 3985 849 4042 nita,
861 3985 890 4032 de
899 3982 1002 4050 fingulis
1019 3983 1076 4042 reis,
1095 3995 1119 4035 et
1135 3983 1276 4035 criminibus

247 4053 312 4120 qaod
324 4052 351 4103 in
362 4048 478 4120 aniverso
486 4053 519 4118 fit
527 4053 667 4120 probatum,
675 4053 703 4104 id
712 4052 738 4103 ia
785 4064 810 4103 et
819 4052 1015 4120 litibusstatuere
1022 4053 1104 4121 prfflnt
1115 4054 1165 4105 &c

244 4122 357 4186 partestt
365 4120 469 4188 probari
479 4122 580 4189 ηιντιζβὲ,7
593 4122 739 4188 Hacigitur
825 4141 835 4172 1
842 4139 864 4187 ς.
897 4119 1001 4190 Topicis]
1038 4124 1095 4190 Jam
1121 4123 1276 4176 laudavimus

247 4205 279 4256 pa
288 4189 351 4259 ista,
361 4207 378 4240 a
386 4189 492 4259 propriis
498 4191 604 4264 personis
616 4203 641 4242 ct
650 4201 737 4260 tempr-
788 4188 869 4244 locum
881 4191 913 4243 ad
924 4191 944 4242 s.
959 4209 983 4259 5.
