3024 4912
230 391 291 454 ω
463 379 510 440 ar.
528 378 657 440 rann
678 375 1026 466 ourncrrmnnr

229 537 307 610 dum
332 563 450 630 magna
472 555 570 630 atque
592 540 720 608 honesta
741 543 873 622 ratione,
890 553 946 608 aut
969 541 1067 608 etiam
1082 541 1261 610 necestitate
1324 565 1328 570 ·

229 627 380 692 acceffille
406 628 582 694 videantur.
627 629 691 693 Sed
713 641 773 692 utr
800 629 957 716 praecipua
981 628 1014 691 in
1036 628 1099 692 hoe
1125 627 1261 693 dicentia
1357 657 1362 667 ·

230 712 435 792 auetoritas¹,
460 714 478 776 li
506 713 611 780 omnis
635 713 667 777 in
692 713 856 778 subeundo
880 713 1012 800 negotio
1035 711 1169 798 sulpicio
1193 712 1260 776 sor-

226 795 332 876 dium,
349 811 405 862 aut
419 797 577 878 odiorum,
592 812 649 863 aut
663 798 847 863 ambitionis
861 797 1019 863 abfuerit:
1043 797 1089 862 ita
1111 796 1260 884 quaedam
1274 823 1283 858 ι

227 879 264 944 iu
280 881 330 947 his
343 905 473 970 quoque
488 884 725 948 commendatio
741 885 850 964 tacita,
866 883 885 946 fi
903 905 962 946 nos
976 882 1119 946 infirmos
1141 896 1175 946 et
1197 881 1260 946 im·

211 1027 213 1036 ,
226 985 320 1052 pares
335 967 493 1056 ingeniist
521 981 632 1034 contra
656 969 821 1069 agentium
844 967 1017 1033 dixerimus
1026 977 1052 1046 ⁰,
1066 966 1174 1053 qualia
1189 968 1261 1031 lunt

252 1051 380 1140 leraque
396 1051 534 1117 Mellalae
549 1073 713 1140 prooemia.
758 1055 811 1118 Est
833 1053 919 1118 enim
935 1051 1085 1116 naturalis
1101 1051 1189 1116 favor
1202 1067 1292 1137 pr09

224 1069 469 1202 'iirborantibusz
505 1149 538 1202 et
556 1137 658 1224 judex
681 1137 846 1238 religiosus
866 1137 1069 1202 libentiffime
1089 1150 1260 1223 patronum

230 1221 331 1300 audit,
347 1245 443 1310 quem
454 1222 586 1310 justitiae
599 1233 612 1262 ¹
627 1224 689 1288 suae
703 1223 837 1287 mrnime
851 1223 957 1286 timet.
1003 1222 1082 1285 Inde
1099 1221 1157 1284 illa
1170 1233 1259 1284 vete·

227 1327 302 1374 rum
317 1307 400 1373 circa
414 1306 638 1373 occultandam
653 1308 867 1406 eloquentiam
881 1307 1049 1386 fimulatio‚
1063 1305 1203 1370 multum
1219 1307 1259 1370 ab

229 1388 291 1456 hac
314 1393 489 1458 nostrorum
512 1405 693 1480 temporum
711 1393 886 1479 jactatione
906 1391 1036 1456 diversa.
1080 1391 1258 1454 Vitandum
1274 1410 1314 1455 1o

228 1477 338 1558 etiam,
354 1500 395 1542 ne
416 1478 617 1626 contumelio?
633 1477 913 1566 maligni,snperbi,
929 1477 1064 1540 maledici
1087 1475 1119 1538 in
1142 1499 1258 1563 quem·

226 1581 326 1647 quam
350 1562 515 1627 hominem
535 1585 571 1626 or
593 1563 718 1627 inemve
740 1563 911 1642 videamur,
927 1561 1174 1648 praecipueque²
1201 1581 1258 1626 eo·
1325 1607 1329 1613 -

224 1664 313 1726 rum,
328 1647 384 1732 qui
410 1647 499 1726 laedi,
514 1647 568 1711 nisr
592 1647 714 1712 aversal
732 1647 881 1734 judicum
911 1647 1088 1725 voluntate,
1106 1667 1170 1708 non
1186 1648 1264 1732 pos-¹

131 1803 135 1808 .
225 1727 311 1796 sunt.
354 1733 440 1795 Nam
467 1732 501 1795 in
519 1731 666 1819 judicem
689 1754 730 1796 ne
751 1731 831 1832 quid
852 1731 989 1810 dicatur,
1005 1753 1069 1794 non
1085 1729 1183 1794 modo
1198 1751 1256 1818 pa·
1273 1750 1309 1802 11

225 1813 304 1896 lam,
327 1815 380 1880 sed
424 1816 489 1881 uod
513 1817 647 1881 omnino
670 1817 810 1904 intelligi
834 1817 936 1904 poffit,
953 1816 1081 1880 stultum
1104 1828 1172 1878 erat
1187 1837 1257 1880 mo·

224 1921 314 1980 nere,
331 1902 389 1964 nisr'
401 1840 500 1966 ieret.
545 1903 652 1967 Etiam
668 1902 764 1988 partis
779 1900 913 1966 adversae
929 1915 1080 1988 patronus
1097 1899 1187 1964 dabit
1201 1923 1256 1964 ex-

224 1985 317 2050 ordio
344 1987 534 2050 materiam:
568 1987 698 2050 interim
726 2007 799 2051 cum
825 1986 959 2066 honore,
989 1988 1009 2049 fi
1039 1985 1257 2071 eloquentiam

224 2068 295 2155 ejus
320 2093 356 2134 ac
379 2072 517 2157 gratiam
544 2094 601 2134 nos
627 2072 739 2136 timere
762 2071 924 2157 fingendo,
941 2085 977 2134 ut
993 2093 1029 2134 ea
1044 2071 1183 2155 suspeaa
1199 2071 1257 2134 smt

219 2153 337 2240 judici,
352 2155 544 2220 fecerimusz
573 2156 699 2220 interim
715 2179 768 2242 per
782 2157 1021 2234 contumeliam,
1038 2156 1089 2218 sed
1106 2153 1169 2218 hoc
1182 2177 1255 2240 per-
1283 2195 1286 2202 ·

226 2261 324 2325 quam
350 2261 431 2320 rare,
446 2254 483 2305 ut
505 2241 631 2305 Afinius
646 2263 702 2326 pro
719 2240 863 2305 Urbiniae
878 2241 1058 2304 haeredibus
1074 2239 1254 2304 Labienum

225 2323 387 2388 adversarii
402 2338 568 2410 patronum
584 2325 668 2390 inter
681 2339 869 2412 argumenta
887 2326 980 2389 malae
1005 2325 1115 2389 cauffae
1137 2325 1254 2410 posuit,

224 2407 334 2496 Negat
349 2409 419 2474 haec
432 2409 492 2476 effe
506 2411 659 2496 prooemia
674 2410 843 2475 Cornelius
868 2410 989 2490 Callus,
1006 2410 1081 2496 quia
1095 2410 1153 2472 smt
1167 2423 1254 2474 extra
1269 2429 1306 2480 12

223 2493 329 2559 litem}
370 2495 435 2558 Sed
456 2517 520 2583 ego
536 2516 610 2562 cum
637 2494 823 2559 auctoritate
845 2496 1069 2559 summorumb
1088 2505 1253 2558 oratorum

159 2580 163 2588 '
222 2580 328 2666 magis
341 2578 454 2660 ducor,
469 2595 541 2644 tum
554 2581 713 2667 pertinere
727 2579 767 2643 ad
785 2580 918 2644 cauffam
929 2594 1024 2666 puto,
1040 2578 1198 2666 quidquid
1212 2579 1254 2643 ad

223 2662 384 2728 dicentem
399 2665 557 2750 pertinet:
581 2687 656 2728 curn
672 2666 708 2729 fit
727 2665 881 2744 naturale,
897 2679 934 2728 ut
951 2663 1079 2752 judices
1104 2664 1154 2741 iia,
1168 2685 1254 2749 ¹quos

204 2748 376 2826 ¹libentius
402 2749 549 2830 audiunt,
573 2747 698 2814 facilius
721 2749 818 2813 etiam
843 2749 985 2814 credant.
1031 2749 1128 2834 lpsrus
1142 2761 1252 2813 autem

221 2831 393 2920 litigatoris
448 2837 537 2900 rsona
551 2835 812 2902 tractanda‘rarie
826 2836 880 2898 est.
924 2836 1009 2898 Nam
1025 2847 1116 2898 tum·c
1140 2832 1251 2918 digni·
1268 2855 1303 2922 13

222 2931 271 2982 tas
298 2919 366 3005 ejus
391 2919 559 3006 elegatur,
575 2931 644 2984 turn
669 2919 912 2984 commendatur
933 2919 1111 2983 infirmitas.
1155 2919 1250 2982 Non·

214 3023 396 3100 numquam
413 3003 574 3090 contingit
589 3003 699 3068 relatio
723 3005 931 3068 meritorum:
959 3003 1000 3067 de
1022 3003 1139 3089 quibus
1160 3023 1252 3067 vere-

222 3088 358 3151 cundius
372 3087 542 3152 dicendum
558 3088 621 3152 erit
639 3088 704 3168 sua,
719 3111 814 3175 quam
830 3088 943 3167 aliena,
959 3088 1114 3153 laudanti.
1158 3088 1251 3151 Mul-

212 3184 291 3234 'tum
316 3172 386 3258 agit
411 3171 514 3251 sexus,
531 3185 619 3252 setas,
635 3173 789 3252 conditio,
804 3173 859 3237 din
878 3172 1019 3252 feminis,
1033 3172 1249 3258 senibus‚·pu·

214 3256 317 3340 pillis,
334 3257 461 3336 liberos,
478 3270 634 3344 parentes,
650 3257 806 3358 conjuges
822 3257 1046 3356 allegantibust
1089 3258 1176 3320 Nam
1198 3258 1248 3322 so·
1265 3281 1304 3343 14

218 3341 250 3404 la
265 3342 386 3406 rectum
424 3364 529 3428 uoque
546 3340 692 3428 judicem
707 3342 842 3406 inclinat
855 3341 1024 3406 mrseratio.
1067 3342 1247 3427 Degustan-

215 3425 259 3489 da
281 3440 390 3509 tamen
440 3449 485 3490 aec
511 3429 677 3513 prooemiO,
704 3450 769 3492 non
797 3425 1022 3491 consumenda.
1066 3425 1244 3490 Adven'arii

207 3522 291 3578 'vero
310 3511 446 3598 ‘persona
465 3533 562 3610 prope
576 3511 684 3576 iisdem
702 3511 863 3590 omnibns,
877 3511 932 3574 sed
946 3533 964 3573 a
989 3509 1147 3576 contrario
1163 3511 1245 3582 duc÷

211 3595 270 3674 tis,
295 3597 475 3684 impugnari
501 3596 590 3660 solet.
634 3597 719 3660 Nam
746 3610 779 3660 et
807 3609 954 3682 potentes
984 3595 1125 3681 sequitur
1161 3593 1245 3658 invi-

199 3681 280 3766 dia,
297 3683 329 3746 et
355 3681 495 3746 humiles
520 3673 721 3767 abjectosque
745 3679 933 3759 contemtio,
949 3691 983 3742 et
1006 3694 1114 3766 turpes
1135 3694 1174 3742 ac
1187 3699 1248 3743 noa

208 3897 215 3910 ,
251 3849 363 3898 ΗΝ·
443 3849 623 3912 ‘fimf-lens·
710 3849 951 3914 ‘eirfilenteeat
1032 3851 1203 3898 'duxerimus
1215 3849 1246 3900 G.

209 3921 231 3977 ,¹
246 3915 337 3975 justitia
348 3911 460 3962 sualens.
472 3925 493 3960 er
504 3913 534 3960 al.
598 3921 613 3950 z
630 3913 792 3976 praectpue'c,
856 3923 868 3950 a
884 3915 978 3962 adversa
990 3913 1020 3961 ς,
1030 3913 1093 3964 jeus,
1139 3940 1141 3949 ,
1165 3912 1177 3945 a
1194 3911 1246 3965 im,

137 4033 171 4048 ,ἱ
212 3979 296 4039 jorum
308 3979 339 4026 G.
386 3985 414 4040 l‘
434 3991 494 4026 cum
506 3975 536 4026 G.
601 3977 829 4044 ⁶.utity2G.lens.

206 4121 360 4198 [pendiorum
382 4123 500 4177 scribendi
520 4126 612 4180 vicinia
629 4143 704 4177 occa·
743 4123 849 4178 'honesta
860 4125 901 4180 hic
912 4125 1164 4196 magisquamutilia
1178 4129 1245 4202 spec·¹
1313 4125 1318 4133 ’

146 4205 147 4208 ’
206 4187 303 4268 „donem
315 4191 403 4248 dedille
414 4195 506 4265 potuit.
533 4195 579 4246 Sed
591 4201 644 4248 'earn
656 4194 705 4246 sus·
753 4205 846 4248 untur.

216 4264 338 4333 picionem
361 4263 436 4316 ultro'
449 4263 500 4330 jam
524 4265 624 4325 damno,
647 4281 705 4317 cum
760 4271 762 4276 '
