3024 4912
239 398 296 458 ψ
475 381 659 444 nrsnrr
681 369 1025 444 ourncrtttsnr

240 541 404 618 brevitatis
418 542 562 622 irridens,
577 557 740 633 tamquam
762 544 881 610 necesse
897 545 944 625 sn,
959 547 1090 634 longam
1112 559 1167 612 aut
1187 541 1261 612 brea

241 651 314 694 scm
348 629 434 693 esse⁶
465 631 688 716 expositionem
706 643 731 708 ν,
761 649 819 692 nec
839 629 934 694 licoat
953 632 1000 696 ire
1025 655 1080 718 per
1105 633 1260 714 medium.

242 713 424 778 'l’lreodorei
474 737 496 778 u
541 737 581 780 ue
610 715 704 778 solam
733 715 918 799 relinquunt
944 716 1091 780 ultimam
1127 729 1260 801 partem,

243 798 400 882 quianon
422 735 563 864 diiudie
585 800 705 886 semper
729 799 765 864 sit
796 799 876 862 utile
896 821 1063 886 exponere.
1108 805 1185 868 Quo
1208 803 1259 866 di-

243 881 398 967 ligentius
429 883 673 968 distinguendas
700 885 772 948 sunt
800 883 929 969 fiugula,
957 899 1006 964 ut,
1028 886 1108 972 quid
1133 901 1314 971 quoqne33

241 966 314 1032 loco
339 967 444 1054 prosit,
463 968 633 1034 ostendam.
676 968 823 1032 Narratio
843 970 886 1032 est
907 983 963 1033 aut
987 983 1055 1034 tota
1075 993 1133 1056 pro
1156 973 1260 1048 nobis,

241 1065 297 1116 aut
325 1065 394 1116 tota
415 1075 473 1139 pro
493 1053 675 1131 adversario,
689 1067 745 1118 aut
765 1053 866 1116 mixta
886 1075 926 1118 err
947 1055 1097 1140 utrisque.
1142 1055 1176 1118 Si
1201 1057 1262 1120 erit

242 1151 311 1200 tota
345 1159 403 1222 pro
438 1139 543 1217 nobis,
570 1139 714 1215 contenti
749 1137 842 1200 sunus
877 1138 937 1200 iis‘
968 1140 1073 1204 tribus
1107 1141 1260 1225 partibus,

240 1243 298 1305 per
319 1244 398 1306 quas
412 1223 556 1300 efficitur,
571 1245 637 1309 quo
652 1222 752 1308 judex
771 1221 898 1286 facilius
912 1223 1074 1309 intelligat,
1090 1226 1260 1301 meminerit,

241 1305 352 1372 c'redat.
395 1307 466 1371 Nec
481 1307 644 1393 quisquam
659 1307 894 1393 reprehensione
908 1307 1043 1394 dignum
1057 1321 1158 1394 putet,
1175 1311 1260 1394 quod
1272 1324 1316 1388 34

239 1392 452 1477 proposuerim
467 1414 549 1470 eam,
564 1415 636 1478 quae
659 1391 695 1456 fit
709 1404 777 1456 tota
791 1413 848 1478 pro
867 1393 971 1470 nobis,
987 1393 1103 1458 debere
1123 1394 1183 1456 esse
1205 1417 1259 1458 vc·

176 1501 178 1504 ·
238 1477 410 1555 rifinrilem‚
437 1499 512 1540 curn
536 1499 608 1540 vera
631 1478 677 1540 srt.
723 1479 806 1542 Sunt
828 1476 914 1540 enirn
936 1477 1071 1562 plurima
1093 1499 1164 1542 vora
1185 1479 1259 1563 qui-

228 1561 324 1638 ·dem,
341 1561 393 1626 sed
415 1583 524 1646 parum
549 1561 723 1638 credibilia,
738 1561 815 1624 ficut
836 1559 911 1624 falsa
956 1583 1060 1648 noque
1083 1562 1262 1647 frequenter

238 1645 427 1712 verisimilia.
471 1647 579 1710 Quare
600 1669 663 1710 non
681 1647 785 1708 minus
800 1585 1008 1710 laborandum
1022 1649 1076 1724 est,
1092 1661 1129 1710 ut
1144 1647 1258 1732 judex,

238 1755 313 1815 quae
337 1753 410 1794 vera
434 1731 581 1809 dicimus,
609 1753 705 1818 quarn
729 1753 802 1816 quae
827 1729 989 1816 fingimus,
1015 1731 1134 1798 credet.
1178 1733 1259 1794 Sunt
1270 1743 1312 1810 35

239 1815 370 1901 quidem
393 1816 456 1894 hae,
482 1839 561 1902 quas
584 1816 675 1904 supra
696 1814 802 1893 retuli,
821 1813 952 1878 virtutes
974 1815 1105 1879 aliarum
1131 1815 1275 1901 quoque

237 1901 387 1986 partium.
429 1902 514 1964 Nam
530 1915 563 1964 et
578 1923 635 1986 per
655 1911 755 1964 totam
769 1899 927 1964 astionem
949 1900 1073 1963 vitanda
1087 1901 1129 1964 esl
1144 1900 1258 1964 obscu-

237 1988 328 2064 ritas,
342 2001 376 2050 et
389 1985 504 2050 modus
522 1986 577 2050 ubi
603 2007 642 2049 ue
662 1983 895 2062 custodiendus,
910 1996 944 2048 et
957 1983 1120 2050 credibilia
1141 1985 1200 2048 elle
1221 2008 1258 2048 o-

237 2083 342 2158 portet
357 2072 474 2146 omnia,
486 2093 559 2156 quae
580 2009 739 2134 dicuntur.
783 2068 927 2134 Maximo
948 2082 1053 2132 tamen
1076 2069 1146 2134 haec
1168 2069 1199 2134 in
1221 2091 1259 2132 ea

237 2170 327 2240 parte
340 2155 544 2218 custodienda
556 2153 638 2232 sunt,
653 2175 725 2238 quae
740 2151 992 2250 primajudicem
1006 2154 1101 2218 docet
1115 2179 1123 2216 s
1146 2153 1178 2216 in
1195 2177 1259 2239 qua

237 2239 259 2302 fi
274 2239 436 2316 acciderit,
452 2254 488 2302 ut
503 2251 636 2302 autnon
651 2238 822 2323 intelhgat,
835 2249 890 2300 aut
911 2259 974 2300 non
996 2237 1186 2316 meminerit,
1202 2252 1258 2304 aut

238 2346 302 2388 non
324 2323 442 2402 credat,
457 2323 566 2386 frustra
586 2323 618 2386 in
643 2321 772 2407 reliquis
794 2321 1018 2387 laborabimus.
1061 2323 1130 2386 Erit
1150 2336 1255 2388 autem
1269 2317 1315 2402 36
1348 2321 1351 2326 ’

236 2423 342 2497 aperta
364 2409 497 2472 narratio
522 2423 618 2492 atque
641 2405 821 2484 dilucida,s1
844 2403 942 2472 suerit
962 2407 1100 2491 primum
1123 2407 1260 2490 expolita

238 2495 341 2558 verbis
363 2493 494 2580 propriis
508 2507 541 2558 et
554 2491 814 2578 significantibus,
829 2505 862 2554 et
876 2513 940 2554 nou
961 2491 1093 2555 sordidis
1136 2491 1258 2570 uidem,

236 2601 300 2644 non
317 2594 422 2644 tamen
442 2578 612 2663 exquisitis,
628 2591 661 2641 et
681 2578 721 2640 ab
746 2575 804 2639 usu
828 2576 959 2639 remotis
970 2599 980 2654 3
1003 2586 1093 2638 tum·
1113 2514 1259 2639 distincta

236 2666 343 2740 rebus,
358 2663 508 2747 personis,
524 2661 731 2746 temporibus,
746 2659 836 2738 locis,
852 2660 971 2737 cauffis,
987 2661 1051 2745 ipsa
1064 2659 1158 2722 etiam
1181 2681 1256 2744 pro·

236 2749 437 2814 nuntiatione
457 2748 489 2810 in
511 2746 575 2810 boc
596 2746 847 2821 accommodata,
869 2757 906 2808 ut
919 2743 1031 2830 judex,
1046 2767 1119 2828 quae
1140 2743 1256 2808 dicun-

236 2849 300 2911 tur,
314 2855 408 2920 quarn
423 2831 574 2896 facillime
597 2830 740 2916 accipiat.
786 2831 868 2895 Quae
889 2829 1018 2914 quidem
1036 2829 1135 2892 virtus
1151 2829 1255 2925 negli-
1269 2843 1312 2910 37

274 2932 325 2981 tur
346 2941 366 2982 a
387 2917 545 3003 plurimis,
560 2915 628 3002 qui,
645 2915 683 2983 ad
707 2914 875 2980 clamorem
900 2913 1062 2998 disposrtae,
1088 2912 1138 2976 vel
1159 2927 1258 2978 etiam
1347 2939 1352 2950 ·

249 3017 317 3068 orte
332 3001 537 3078 circumsusae,
553 2998 768 3065 multitudinis
790 2997 963 3082 compositi,
978 3018 1041 3058 non
1056 2995 1163 3059 serunt
1178 2996 1259 3062 illud

235 3087 421 3150 intentionis
435 3086 589 3151 silentium
605 3110 612 3148 ι
637 3105 696 3148 nec
711 3083 765 3148 srbi
778 3081 882 3146 diserti
903 3079 1059 3157 videntur,
1075 3077 1128 3142 nisi
1151 3083 1259 3145 omnia

236 3171 380 3234 tumultu
393 3191 430 3234 ac
445 3169 667 3234 vociferatione
688 3166 913 3232 concusserint:
937 3187 1003 3228 rem
1024 3162 1176 3240 indicare,
1192 3163 1257 3228 ser-

233 3257 338 3320 monis
359 3255 547 3341 quotidiani,
562 3269 596 3317 et
617 3254 649 3316 in
672 3271 908 3339 quemcumque
924 3249 1021 3314 etiarn
1039 3246 1257 3313 indottiorum

235 3340 388 3418 cadentis,
404 3349 412 3380 ¹
425 3341 622 3406 existimant:
645 3359 719 3401 cum
740 3336 880 3414 interim,
895 3333 983 3420 qnod
997 3345 1159 3418 tamquam
1174 3331 1255 3398 saci·

249 3569 279 3610 .⁰
297 3580 337 3610 om.
350 3561 380 3608 G.
446 3559 640 3611 Mutationem,
653 3571 683 3604 ne
695 3557 727 3602 G.
790 3552 964 3614 injungendo
973 3551 1003 3598 G.
1014 3549 1077 3598 lens.
1146 3550 1265 3610 ram.G.‚

234 3641 244 3667 ⁸
261 3641 311 3675 non
322 3628 353 3677 G.
364 3623 430 3672 male.
495 3641 501 3653 ⁸
519 3623 564 3672 esst
575 3623 615 3685 ins.
627 3623 657 3670 G.
666 3620 729 3670 lens·

273 3837 315 3882 37.
334 3819 371 3872 ad
379 3817 505 3872 clamorem
515 3815 638 3886 disposita]
661 3813 719 3869 Cla·
768 3813 833 3867 idem
853 3820 922 3862 notat
941 3803 1036 3885 l’linius
1058 3825 1083 3866 2,
1098 3821 1139 3882 ¹.4’
1151 3821 1179 3868 4.
1209 3810 1254 3884 le.

236 3905 323 3940 morem
336 3906 380 3956 pro
391 3887 506 3938 laudibus
517 3899 540 3937 et
552 3884 637 3954 plausu
651 3885 718 3953 poni,
767 3891 874 3950 quantur
892 3877 1013 3932 auditores
1024 3871 1149 3952 'asseribus
1161 3873 1254 3953 fimtles

234 3957 347 4024 frequens
365 3956 414 4010 ests
442 3955 493 4008 vid.
515 3973 570 4022 quae
589 3970 666 4022 nuper
678 3951 738 4030 ῥά·
767 3947 909 4005 condubiiet
929 3944 1088 4024 redamatu.
1113 3943 1254 3995 Dermmo.

235 4025 301 4076 Plin.
321 4024 398 4093 Epitl.
419 4044 446 4090 4,
471 4043 495 4089 5,
521 4043 545 4074 1.
566 4023 718 4075 monuimus.
767 4019 853 4070 derato
864 4015 905 4068 illo
922 4013 1006 4084 plausu
1023 4011 1074 4063 vrd.
1094 4011 1170 4092 noller
1187 4015 1213 4074 6,
1224 4029 1254 4076 4,

235 4097 309 4165 Qud
327 4095 413 4149 deinde
431 4091 562 4162 dipnfitam
578 4090 719 4144 multitudi-
769 4090 796 4140 ⁶.
810 4091 835 4147 8,
850 4104 874 4152 5,
889 4101 930 4148 13.
952 4098 992 4140 ιι,
1006 4095 1030 4143 3,
1045 4097 1104 4136 121.
1122 4093 1153 4134 tt.
1168 4084 1216 4136 126
1229 4094 1255 4136 et

234 4181 289 4214 nem
299 4165 418 4223 nominat,
468 4159 643 4232 perversitatem
653 4159 719 4210 illius
770 4173 831 4224 ¹3¹·
852 4172 894 4215 ιι,
909 4170 933 4220 5,
944 4153 969 4202 6.
984 4150 1033 4204 &c-

234 4233 352 4301 temporis
378 4233 494 4304 pertinet,
516 4247 591 4302 quam
612 4229 719 4301 graviter
