3024 4912
234 407 297 452 too.
464 391 512 453 M.
532 391 658 454 FABH
680 393 1029 456 QUINCTILIANI

153 567 157 577 “
233 567 268 622 et
282 577 386 622 cacus
406 555 542 643 Appius,
556 567 590 622 et
605 555 741 622 Clodius
761 555 868 636 frater,
882 557 938 623 ille
958 558 992 624 in
1014 557 1264 648 castigationem,

234 641 288 706 hic
304 641 336 705 in
349 643 531 708 rationem¹¹
551 663 697 708 amorum
716 665 788 708 com
832 643 907 709 litus
920 644 1108 734 alloquitur.
1151 647 1265 713 Solent
1273 662 1317 734 55

234 727 268 792 in
290 727 406 792 scholis
430 727 509 815 fingi
531 728 673 792 materiae
695 728 735 792 ad
749 727 789 792 de
803 728 990 794 iberandum
1006 729 1169 798 fimiliores
1183 753 1263 798 con·

234 812 403 892 troversia,
418 825 451 878 et
464 835 504 877 ex
518 825 656 900 utruque
669 835 788 963 genere
801 815 1003 880 commixta:
1026 827 1063 879 ut
1082 837 1158 881 cum
1179 818 1265 904 apud

235 897 276 962 C.
293 899 448 964 Caesarem
465 897 655 962 consultatio
693 921 820 986 epoena
832 899 996 964 Theodoti
1010 900 1150 987 ponitur.
1177 903 1265 968 Con-

234 983 293 1048 stat
306 984 392 1047 enirn
407 983 607 1048 accusatione
620 996 652 1047 et
667 983 846 1048 defensione
860 984 982 1065 caussae,
998 985 1087 1073 quod
1108 987 1153 1050 est
1171 988 1263 1074 judi-

232 1069 365 1135 cialium
378 1091 434 1156 pro
457 1069 552 1132 rium.
597 1069 756 1133 Permixta
770 1083 878 1133 autern
892 1071 936 1134 est
950 1083 983 1134 et
998 1071 1145 1136 utilitatis
1167 1074 1261 1154 ratio,
1272 1077 1317 1160 56

231 1153 290 1220 An
309 1161 387 1240 pro⁰
415 1091 532 1240 (insere
545 1153 648 1240 ficui!
661 1155 752 1219 occidi
766 1155 962 1242 Pompeium?
993 1157 1046 1220 An
1069 1157 1228 1222 timndum
1243 1185 1264 1224 a

231 1263 302 1327 rega
318 1237 477 1324 bellum,fi
490 1239 652 1303 Theodotus
666 1239 709 1330 stt
723 1241 858 1328 occisus?
883 1239 936 1304 An
951 1241 985 1304 id
995 1241 1113 1304 minime
1123 1257 1260 1331 opportu-

231 1349 305 1392 num
318 1327 370 1389 boc
385 1337 518 1414 tempore,
533 1337 561 1387 et
570 1323 774 1412 periculosum,
789 1338 904 1388 atcerte
918 1326 1264 1414 longumsttfitturum?

231 1409 399 1478 Quaeritur
410 1424 444 1474 et
457 1409 498 1474 de
512 1411 652 1489 honeste,
668 1413 818 1475 Decealne
833 1412 977 1497 Caesarem
1000 1411 1074 1476 ultio
1099 1415 1230 1500 Pompeii
1242 1420 1262 1479 Ρ
1270 1429 1314 1500 57

229 1495 284 1562 An
308 1511 331 1561 tt
344 1497 518 1574 verendum,
533 1521 570 1559 ne
580 1496 816 1583 pejoremfaciat
825 1499 957 1584 suarum
973 1497 1106 1586 partium
1120 1501 1259 1586 caufflzm‚

242 1607 253 1645 t
298 1583 438 1669 ompeium
451 1581 608 1668 indignum
622 1581 894 1668 ntortefoteatur?
925 1582 1025 1648 Quod
1043 1605 1149 1670 genus
1174 1587 1258 1651 acci-
1269 1587 1313 1671 58

229 1667 305 1732 dere
317 1668 413 1732 etiam
425 1667 553 1732 veritati
568 1667 680 1765 potest.
724 1667 801 1730 Non
816 1666 946 1768 simplex
961 1681 1070 1732 autern
1090 1667 1175 1733 circa
1187 1669 1259 1735 sua-

229 1751 324 1817 sorias
343 1775 429 1817 error
448 1753 480 1817 in
501 1752 658 1840 plerisque
678 1751 943 1818 declamatoribus
965 1751 1038 1833 fuit,
1076 1753 1109 1818 ui
1131 1754 1259 1822 dicendi

228 1859 335 1926 genus
350 1837 383 1902 in
398 1837 450 1903 his
463 1837 632 1916 diversum,
646 1849 743 1926 atque
762 1837 794 1901 in
818 1849 924 1904 totum
945 1837 993 1902 illi
1009 1838 1049 1938 ju
1072 1837 1154 1902 ‘ciali
1179 1863 1258 1905 con-

228 1923 361 1989 trarium
377 1923 437 1989 esse
457 1923 684 1988 existimarunt.
728 1923 814 1987 Nam
836 1933 870 1986 et
891 1921 1045 2010 principia
1065 1924 1211 2021 abrupta,
1225 1939 1260 1991 et

227 2009 423 2088 concitatam
438 2009 558 2095 semper
570 2008 759 2087 orationem,
776 2021 809 2072 et
830 2006 863 2070 in
882 2008 986 2073 verbis
1008 2008 1182 2074 effusiorem
1207 2016 1260 2094 (ut
1293 2036 1297 2046 ’

226 2092 282 2180 ipsi
297 2095 426 2176 vocant)
445 2093 569 2158 cultum
585 2093 822 2171 affectaverunt,
836 2105 870 2156 et
884 2114 991 2158 earum
1011 2094 1171 2158 breviores
1191 2097 1257 2162 uti„

226 2199 292 2266 que
307 2178 566 2257 commentarios,
581 2199 678 2265 quam
695 2177 883 2266 judicialis?
903 2177 1056 2258 materiae,
1071 2177 1175 2244 sacere
1189 2180 1256 2246 ela-

173 2299 179 2310 ⁴
225 2257 393 2348 borarunt.
437 2267 508 2352 Ego
528 2284 621 2350 porro
636 2276 673 2326 ut
687 2261 842 2350 prooemio
860 2261 954 2327 video
969 2285 1034 2327 non
1048 2264 1162 2350 utique
1176 2285 1256 2352 opus
1265 2280 1310 2354 59

223 2349 286 2413 esse
301 2348 456 2428 suasoriis,
470 2361 596 2436 propter
610 2369 689 2436 quas
704 2347 770 2413 dixi
784 2347 876 2434 supra
897 2349 1026 2428 caussas,
1042 2345 1089 2412 ita
1111 2371 1168 2414 cur
1189 2350 1253 2416 ini·
1270 2359 1274 2366 '

223 2435 296 2506 tioq
317 2433 434 2499 furioso
449 2435 485 2498 srt
499 2432 756 2514 exclamandum,
771 2454 836 2504 non
852 2432 1022 2520 intelligo:
1045 2454 1120 2498 cum
1135 2455 1254 2522 propo-
1364 2475 1368 2484 ·

224 2511 281 2584 'fita
299 2519 553 2585 consultatione¹
568 2517 698 2606 rogatus
712 2517 911 2595 sententiam,
927 2517 948 2581 fi
971 2517 1068 2582 modo
1090 2519 1133 2584 est
1149 2519 1253 2602 sanun,

223 2627 289 2674 non
338 2606 482 2685 uiritet¹,
496 2604 550 2669 sed
570 2627 667 2692 quarn
688 2603 826 2667 maxime
840 2603 939 2688 potest
953 2602 1038 2668 civili
1053 2615 1087 2668 et
1111 2603 1254 2671 humano
1364 2668 1368 2673 ,
1471 2626 1505 2656 2

221 2689 315 2778 ingre
340 2713 361 2754 u
375 2691 488 2764 mereri
503 2689 654 2754 assensum
677 2676 881 2753 deliberantis
902 2686 991 2752 velit.
1035 2689 1103 2752 Cur
1122 2701 1230 2756 autem
1242 2699 1252 2734 ⁸
1265 2692 1310 2760 60

222 2785 359 2867 torrens,
374 2788 408 2842 et
429 2776 567 2874 utiqueu
593 2774 759 2863 aequaliter
772 2773 932 2858 concitata
945 2773 982 2838 fit
1005 2772 1040 2839 in
1053 2794 1092 2838 ea
1115 2773 1254 2844 dicentis

256 2997 269 3024 ¹
285 2993 448 3059 humationem
459 3009 557 3052 monna
568 2995 600 3042 G.
617 3007 714 3054 morum
724 2991 791 3058 eliani
801 2993 865 3042 lens.
881 2993 1015 3050 orationem
1027 3005 1124 3042 morum
1135 2992 1167 3040 al.
1189 2995 1257 3060 auti¹
1289 3015 1295 3026 ·

211 3057 240 3122 st
248 3055 417 3108 curationem?
480 3059 610 3108 '⁰'Caesari
621 3059 734 3120 profuerit
745 3058 776 3105 G.
850 3065 863 3100 Ρ
877 3058 960 3120 legalis
971 3057 1001 3104 G.
1012 3059 1077 3104 Jens.
1088 3067 1110 3104 et
1120 3057 1173 3105 libri
1178 3059 1251 3122 pleri·

212 3139 264 3190 vqtae
274 3133 311 3186 ap.
323 3125 402 3183 Burm.
415 3124 538 3183 judicialis
547 3123 638 3171 videtur
648 3121 714 3187 effla
725 3122 802 3185 Regio.
912 3130 924 3162 ‘¹
944 3121 1019 3168 inscio
1035 3121 1066 3168 G.
1077 3119 1250 3174 initium-lensi

221 3193 233 3220 ⁸
250 3187 439 3236 consalutatione
450 3189 481 3237 G.
530 3199 539 3225 ¹
557 3189 666 3250 quaeritet
677 3188 708 3234 G.
718 3188 781 3234 lens.
793 3196 815 3233 er
825 3185 857 3234 al.
901 3189 910 3222 t
926 3185 997 3248 igitur
1008 3186 1039 3234 G.
1050 3185 1113 3234 leus.
1127 3187 1129 3193 “
1164 3194 1176 3218 ¹²
1195 3187 1251 3252 nbi-j

222 3265 270 3328 flue
281 3253 335 3316 conj.
348 3253 472 3320 Burmanni
483 3263 504 3332 Ιιι
516 3251 615 3326 Waliari
625 3251 658 3299 ad
668 3251 717 3329 Gir.
729 3251 756 3327 lie
766 3252 798 3300 N.
811 3252 844 3300 D.
857 3263 882 3310 3,
893 3263 934 3324 40.

220 3428 708 3492 hicfraterinrationemamonumcmr·
756 3427 877 3484 rationem
899 3427 1011 3487 aarum:
1032 3427 1183 3498 compositust
1212 3433 1248 3492 ita

216 3500 304 3570 posttus
324 3499 377 3554 dici
397 3501 477 3572 possit,
499 3497 709 3570 obscuriusculurn
757 3497 884 3566 utriusque
895 3499 1014 3550 orationis
1027 3497 1085 3551 finis
1102 3501 1248 3569 exprimere-

218 3571 263 3624 est.
287 3573 362 3623 Forte
380 3571 427 3623 hoc
439 3571 503 3632 vult,
514 3568 599 3621 fratris
615 3569 710 3624 oratio·
757 3577 808 3629 tur,
820 3583 865 3618 nec
875 3567 994 3636 obscurus
1005 3567 1067 3619 mihi
1076 3568 1130 3620 esset
1139 3571 1245 3624 Fabius.

219 3657 275 3692 nem
287 3640 324 3692 ita
334 3641 378 3694 elle
394 3649 573 3709 comparatam,
585 3649 615 3694 ut
632 3637 708 3696 ratio-
757 3638 809 3710 Qi
820 3635 907 3706 legerit
918 3648 996 3689 totam
1009 3637 1077 3688 illam
1089 3637 1247 3710 prosopopoe-

219 3709 424 3774 nisamorum‚'et
441 3709 503 3778 quid
520 3706 615 3760 solenne
634 3705 663 3758 lit
681 3723 708 3757 a·
756 3707 817 3767 iarn,
836 3723 884 3758 nou
901 3705 974 3766 male,
986 3705 1062 3776 spero,
1074 3707 1105 3758 de
1123 3707 1167 3760 ista
1185 3725 1245 3760 con-

218 3779 356 3841 mantibus,
375 3779 477 3838 sororem
498 3777 637 3830 admorreat.
662 3776 708 3830 Sed
752 3775 847 3840 jessura
857 3775 1016 3830 existimabit.

218 3847 328 3910 lucidus,
340 3845 472 3916 ¹candidus,
484 3847 566 3899 clarus
585 3845 631 3900 esse
649 3845 707 3906 solet
793 3861 806 3909 5
811 3862 835 3908 ς.
854 3845 967 3913 depoena
979 3843 1103 3909 ibeodoti]
1118 3843 1170 3915 Qui
1182 3843 1245 3916 Pro.

218 3915 324 3972 Fabius.
351 3917 418 3970 Illud
437 3921 469 3988 ‘ap
487 3921 548 3979 aret,
565 3916 614 3971 hoc'
632 3916 707 3984 agia
755 3912 878 3976 lernaeum,
895 3912 1024 3984 'pupillum
1047 3912 1127 3974 suum,
1146 3914 1178 3966 ad
1195 3933 1244 3974 σε,

138 3998 143 4008 ·
218 3987 313 4038 r'ninore'
330 3983 448 4039 fratreCl
484 3986 522 4047 iae,
534 3997 563 4038 ut
574 3992 670 4054 agrum
681 3995 706 4048 et
753 3984 809 4036 dem
822 3984 934 4051 Pompeii
946 3983 987 4036 M.
998 3981 1138 4050 impulerat.

218 4055 330 4108 saucium
350 4073 431 4108 amore
450 4055 527 4108 Coelii
546 4053 705 4114 animumso-
791 4057 834 4117 58.
860 4051 982 4116 veritati]
1008 4053 1080 4102 Verae
1101 4049 1178 4106 causa
1195 4053 1243 4110 hoe

217 4123 281 4176 ioi'ie
298 4126 329 4176 ab
342 4125 537 4194 cogitationibus
556 4123 669 4176 violentis
681 4133 706 4176 et
788 4119 831 4172 test
845 4122 949 4180 evenire,
961 4130 990 4171 ut
1003 4117 1027 4171 in
1045 4136 1074 4172 ea
1085 4132 1139 4174 turn
1149 4123 1180 4175 de
1191 4126 1243 4184 uti:

217 4193 313 4258 soriosrs
324 4207 429 4256 revocet,
441 4195 516 4246 verbo
527 4201 603 4245 curet.
622 4193 707 4261 igitur
765 4190 824 4248 itate
835 4203 889 4272 turn
900 4191 931 4244 de
941 4189 1062 4244 honestate
1073 4203 1207 4264 queratur.

216 4259 351 4351 suspicatus
369 4259 432 4330 sirm,
449 4263 499 4352 legi
516 4263 612 4347 debere,
622 4261 649 4342 in
664 4275 706 4346 ca·
