2870 4916
361 379 532 468 rnsr‘rr.
550 379 861 454 cnutontm.
883 384 908 456 r.
926 399 959 444 2.
1140 392 1178 462 ‘¹7

147 547 242 614 edam
266 547 287 614 fi
306 546 408 636 jungi
426 558 599 647 utrumque
622 569 688 612 non
703 547 813 646 posset,
828 546 936 614 lumen
952 555 1059 612 tamen
1074 546 1179 614 illud⁰

148 647 324 699 conventus
355 633 568 712 honestiffimr,
599 635 738 698 tenebris
767 656 805 698 ac
833 633 996 698 solitudini
1021 627 1178 722 praetulis-

146 721 219 786 sem.
258 721 345 784 Nam
362 742 382 783 o
405 719 504 787 tinius
518 719 651 805 quisque
666 719 1034 806 praeceptorsrequentia
1047 720 1177 807 gaudet,

100 820 180 870 roac
194 807 318 892 majore
333 807 365 869 se
415 817 503 868 eatro
518 804 660 890 ,dignum
677 817 779 891 putat.
823 805 870 870 At
891 827 965 869 vero
986 805 1124 870 minores
1139 827 1179 870 ex

145 891 340 956 conscientia
357 892 419 955 suae
435 889 627 954 insimritatie
642 891 760 955 haerere
775 890 917 979 singulm,
933 904 966 954 et
978 891 1083 956 officio
1102 891 1176 958 fun·

91 977 177 1062 argi
202 978 346 1062 quodam
368 975 465 1040 modo
486 975 619 1062 paedago
645 998 735 1040 orum
759 998 823 1040 non
850 977 1068 1063 indignantur.
1100 976 1179 1048 ¹Sed

143 1065 267 1148 praeslet
280 1062 377 1126 alicui
394 1061 443 1124 vel
457 1062 573 1148 gratia,
588 1000 644 1125 vel
654 1061 806 1136 amicitia,
820 1062 869 1126 vel
885 1061 1031 1149 pecunia,
1046 1075 1084 1126 ut
1097 1063 1175 1127 doc-

141 1150 295 1212 tiffimum
312 1161 409 1234 atque
425 1147 704 1232 incomparabilem
715 1205 717 1212 ,
727 1147 910 1234 magistrum
933 1146 1021 1212 domi
1036 1149 1174 1214 habeat:

141 1257 220 1298 num
237 1248 349 1298 tamen
371 1233 426 1298 ille
440 1245 547 1298 totum
563 1233 595 1296 in
610 1255 675 1296 uno
691 1233 776 1296 diem
789 1232 1013 1297 consumturus
1027 1235 1091 1298 est?
1120 1247 1176 1300 aut

124 1373 127 1380 ,
140 1321 242 1405 potest
259 1319 320 1382 esse
335 1317 402 1382 ulla
417 1330 482 1382 tam
506 1331 657 1404 perpetua
672 1317 820 1382 discentis
835 1317 984 1396 intentio
999 1341 1072 1404 quae
1097 1341 1175 1398 non,

91 1417 130 1466 η
142 1423 192 1469 ur
210 1404 296 1469 vistis
312 1404 480 1468 oculorum
495 1406 612 1468 obtutu
627 1405 792 1482 continUO,
809 1403 978 1490 fatigetur?
1004 1426 1077 1468 cum
1092 1427 1175 1492 prae-

139 1490 249 1554 sertim
266 1489 373 1554 multo
378 1489 458 1638 ¹plus
473 1489 582 1553 secreti
599 1488 719 1554 rstudia
734 1478 918 1553 defiddrent.
958 1489 1074 1574 Neque
1089 1490 1176 1556 enim

140 1575 308 1653 scribenti,
324 1574 375 1638 edi
387 1574 511 1652 centia,
526 1587 559 1638 ct
580 1574 736 1673 cogitanti
754 1587 928 1672 praeceptor
948 1575 1068 1639 affistit:
1092 1599 1176 1662 quo·
1283 1609 1286 1614 ·

139 1681 211 1726 rum
228 1659 354 1747 aliquid
370 1661 552 1746 agentibus,
568 1661 794 1747 cujuscumque
809 1674 1023 1724 rmterventus
1037 1662 1174 1748 impedi-

140 1760 254 1811 mento
269 1747 324 1810 est.
369 1745 479 1808 Ledio
501 1769 630 1831 quoque
653 1767 715 1813 non
731 1745 848 1824 omniu,
865 1767 925 1810 nec
945 1746 1077 1832 semper,
1093 1770 1176 1832 prae-

141 1849 239 1896 eunte
256 1832 308 1896 vel
323 1831 405 1895 inter
428 1845 549 1896 retente
564 1846 658 1917 eget:
682 1830 808 1916 quando
830 1832 915 1894 enim
938 1845 987 1895 tot
1008 1834 1176 1900 audiorum

141 1918 259 1982 notitia
274 1853 500 2004 continglret?
536 1919 622 2002 Ergo
644 1915 807 1982 modicum
831 1928 955 2002 tempus
980 1919 1033 1995 est,
1051 1940 1116 2002 quo
1140 1920 1175 1982 in

93 2015 250 2082 igrotum
266 2003 352 2066 diem
368 2003 456 2075 velut
470 2023 550 2087 opus
565 2003 739 2065 ordinetur.
785 2001 926 2088 Ideoque
940 2023 996 2087 per
1008 2003 1114 2088 plures
1128 2003 1176 2067 ire

140 2090 269 2236 possunt
285 2088 381 2152 etiarn
396 2111 469 2174 quae
492 2087 623 2174 singulis
644 2086 797 2154 tradenda
811 2088 907 2150 sunt:
931 2088 1078 2173 pleraque
1100 2111 1176 2153 vero

165 2195 226 2238 anc
242 2173 461 2238 conditionem
478 2172 610 2256 habent,
625 2186 662 2236 ut
676 2173 786 2236 cadem
803 2193 881 2236 voce
895 2173 935 2236 ad
957 2195 1068 2236 omnes
1083 2173 1174 2239 fimul

140 2259 352 2344 perferantur.
372 2319 376 2323 .
396 2260 504 2322 Taceo
531 2260 572 2322 de
592 2258 815 2344 partitionibus
835 2271 868 2322 et
888 2257 1175 2327 declamationibus

142 2334 332 2410 rhetbrum:
361 2339 479 2430 quibus
501 2358 586 2408 certe
607 2344 882 2430 quantuscumque
902 2365 1056 2416 numerus
1080 2344 1174 2409 adhi-

92 2445 131 2510 14
143 2431 269 2509 beatur,
287 2445 393 2512 tamen
417 2429 630 2516 unusquisque
644 2442 750 2493 totum
764 2428 854 2498 feret.
898 2429 976 2493 Non
999 2429 1086 2493 enim
1111 2453 1132 2494 v
1153 2451 1175 2496 x

140 2515 198 2579 illa
220 2513 436 2601 praeoeptoriS,
455 2535 505 2579 or
521 2537 624 2592 coena,
640 2515 746 2576 minus
761 2514 905 2599 pluribus
919 2496 1052 2592 furseio
1069 2515 1122 2578 sed
1136 2528 1175 2580 ut

140 2583 365 2679 tdl,univers1s
387 2600 472 2668 idem
492 2600 574 2666 lueis
596 2599 767 2685 calorisque
787 2589 932 2690 ldlgrtur.
978 2600 1175 2688 Grammati-

140 2708 201 2756 cos
216 2709 347 2786 quoque
361 2685 402 2750 de
416 2686 538 2750 ratione
551 2686 704 2771 loquendi
720 2687 739 2748 fi
756 2683 889 2763 disserat,
906 2685 1091 2771 quaestiones
1116 2709 1172 2751 ex-

142 2771 254 2858 plicet,
268 2771 409 2838 brstorias
424 2785 569 2858 exponat,
584 2785 730 2857 poemata
743 2784 885 2836 enarret:
910 2769 1027 2834 totilla
1041 2770 1173 2852 discent,

93 2865 130 2937 15
143 2871 226 2942 quot
238 2856 381 2924 audient.
427 2857 473 2919 At
496 2859 580 2925 enim
597 2856 812 2920 emendationi
835 2855 1094 2942 praeletiionique
1109 2879 1171 2921 nu-

142 2964 252 3006 merus
266 2943 378 3010 obstat.
413 2941 464 3007 Sit
481 2941 735 3021 incommodum,
755 2944 841 3024 (nam
856 2940 936 3028 quid
951 2939 1016 3008 fere
1029 2924 1173 3032 undique

176 3120 188 3144 ⁰
207 3113 305 3164 illorum
315 3115 379 3164 Jens.
442 3116 585 3180 *temporis
601 3116 640 3183 inf
653 3115 684 3168 G,
695 3115 758 3164 Jens.
767 3113 812 3180 sed
825 3112 884 3162 nibil
896 3128 920 3162 eo
935 3123 986 3183 opus
996 3115 1033 3177 est,
1098 3121 1172 3167 tm,

138 3179 207 3230 Jens.
220 3179 285 3242 pale.
349 3177 490 3242 rcujulque
500 3181 531 3230 G.
1103 3189 1106 3198 ²

182 3359 226 3392 ro.
244 3307 425 3412 quodammodo
435 3342 633 3411 pedagogorum]
684 3341 728 3410 qui
749 3341 816 3410 quast
835 3351 981 3412 acceperunt
999 3343 1031 3394 ab
1049 3341 1171 3412 eopensa,

142 3411 273 3466 Nimirum
310 3412 424 3480 aedagogi
444 3413 503 3464 servi
527 3412 634 3482 plemm-
683 3412 710 3462 in
722 3411 770 3464 illis
782 3411 1062 3491 perficiepdisqoccnpati
1075 3417 1140 3490 sunt.

141 3499 204 3550 que,
221 3498 277 3536 raro
293 3430 395 3540 literati,
414 3481 473 3533 vitae
490 3492 515 3532 et
532 3482 648 3551 pudoris,
723 3497 763 3544 13.
782 3483 811 3532 da
817 3481 1004 3550 parttttonrbus]
1017 3481 1170 3548 Pofitronibus

141 3547 230 3632 tptelae
251 3552 438 3634 potins‚·quam
455 3551 559 3634 docendi
579 3569 635 3633 pro·
683 3551 781 3602 mallem
807 3552 832 3633 h..
855 3571 878 3602 e.
897 3551 1058 3611 thematibus,
1079 3567 1169 3631 quea

144 3636 236 3672 runcrae
248 3619 368 3688 praesecb.
398 3621 480 3672 Hodie
498 3639 524 3672 rn
543 3621 635 3672 launo·
683 3623 879 3690 praeceptoribus
896 3619 1169 3673 utdeclamandrnrate-

142 3689 215 3769 tibur
227 3691 381 3770 privatorum
392 3687 494 3742 familiis
509 3691 585 3742 iidem
597 3689 633 3772 se-
684 3690 915 3770 riaproponunrur3
928 3689 1170 3768 ltMannl'eriptiad-

140 3775 169 3810 re
177 3769 270 3840 privati
278 3770 440 3841 preceptores
451 3771 476 3810 et
484 3761 630 3842 pedagogr:
680 3761 799 3839 dicerent,
818 3761 864 3811 Sed
875 3777 954 3828 neque
962 3767 1108 3826 partrtrones
1120 3776 1170 3812 non

144 3828 212 3896 apud
223 3845 347 3898 principer
366 3847 454 3898 pueros
471 3841 545 3898 atque
562 3847 633 3896 Juve-
681 3829 729 3880 but
742 3819 848 3890 faciunt,
858 3847 917 3880 curn
933 3840 1014 3880 totum
1026 3827 1075 3878 fere
1086 3829 1168 3884 decla·

142 3914 185 3948 nes
204 3899 284 3962 major
301 3899 431 3968 pedagogi
448 3899 555 3967 persona,
575 3915 633 3950 cum
680 3899 773 3959 mandi,
786 3917 816 3950 ex
833 3911 942 3970 tempore
953 3898 1096 3967 praelitrtim,
1108 3899 1170 3954 arti-

143 3966 200 4036 ipsrs
208 3985 309 4038 quoqne
318 3969 509 4038 praeceptoribus
516 3967 561 4025 sint
569 3985 633 4044 pnr-
681 3967 766 4020 licium
778 3968 943 4022 incommoda
960 3968 1091 4036 partitione
1103 3967 1167 4020 infit.

143 4035 224 4112 positi.
682 4037 756 4089 Nunc
774 4040 894 4092 materias
913 4047 1002 4090 vocant
1023 4038 1048 4088 in
1069 4036 1168 4096 sobolis,

141 4175 150 4194 ,
181 4125 223 4170 ις,
238 4113 288 4174 per
297 4104 631 4229 plur‘lirllemrllllusiss
681 4107 791 4227 {terpqpe
812 4105 976 4184 disppstr'cnea
1006 4107 1067 4160 vid.
1091 4108 1168 4159 noster

139 4193 437 4316 llztttltttnt
454 4195 630 4308 dunila
740 4212 783 4238 ''

187 4333 278 4382 ’1‘011-
305 4331 332 4382 1·
456 4339 457 4344 ’
650 4335 671 4382 C
