<?xml version="1.0" encoding="UTF-8"?>
<!DOCTYPE html PUBLIC "-//W3C//DTD XHTML 1.0 Transitional//EN"
    "http://www.w3.org/TR/xhtml1/DTD/xhtml1-transitional.dtd">
<html xmlns="http://www.w3.org/1999/xhtml" xml:lang="en" lang="en">
 <head>
  <title>
</title>
<meta http-equiv="Content-Type" content="text/html;charset=utf-8" />
  <meta name='ocr-system' content='tesseract 3.04.00' />
  <meta name='ocr-capabilities' content='ocr_page ocr_carea ocr_par ocr_line ocrx_word'/>
</head>
<body>
  <div class='ocr_page' id='page_1' title='image "./mfabiiquinctili00quingoog_0501.png"; bbox 0 0 2938 4910; ppageno 0'>
   <div class='ocr_carea' id='block_1_1' title="bbox 392 285 1236 366">
    <p class='ocr_par' dir='ltr' id='par_1_1' title="bbox 392 285 1236 366">
     <span class='ocr_line' id='line_1_1' title="bbox 392 285 1236 366; baseline -0.007 -15"><span class='ocrx_word' id='word_1_1' title='bbox 392 288 561 350; x_wconf 85' lang='lat' dir='ltr'><strong>INSTIT.</strong></span> <span class='ocrx_word' id='word_1_2' title='bbox 582 285 786 360; x_wconf 78' lang='lat' dir='ltr'><strong>ORATOR.</strong></span> <span class='ocrx_word' id='word_1_3' title='bbox 808 287 892 346; x_wconf 89' lang='lat' dir='ltr'><strong>LIB.</strong></span> <span class='ocrx_word' id='word_1_4' title='bbox 914 285 1053 347; x_wconf 62' lang='lat' dir='ltr'>Vnam.</span> <span class='ocrx_word' id='word_1_5' title='bbox 1176 303 1236 366; x_wconf 79' lang='lat'>449</span> 
     </span>
    </p>
   </div>
   <div class='ocr_carea' id='block_1_2' title="bbox 160 449 1234 773">
    <p class='ocr_par' dir='ltr' id='par_1_2' title="bbox 160 449 1234 773">
     <span class='ocr_line' id='line_1_2' title="bbox 197 449 1234 542; baseline -0.003 -25"><span class='ocrx_word' id='word_1_6' title='bbox 197 453 355 542; x_wconf 84' lang='lat' dir='ltr'>plurimos</span> <span class='ocrx_word' id='word_1_7' title='bbox 379 477 417 520; x_wconf 89' lang='lat' dir='ltr'>ao</span> <span class='ocrx_word' id='word_1_8' title='bbox 440 451 695 541; x_wconf 75' lang='lat' dir='ltr'>prudentissimos</span> <span class='ocrx_word' id='word_1_9' title='bbox 718 450 824 516; x_wconf 89' lang='lat' dir='ltr'>durat.</span> <span class='ocrx_word' id='word_1_10' title='bbox 867 451 937 515; x_wconf 84' lang='lat' dir='ltr'>Et¹</span> <span class='ocrx_word' id='word_1_11' title='bbox 960 451 1001 516; x_wconf 89' lang='lat' dir='ltr'>de</span> <span class='ocrx_word' id='word_1_12' title='bbox 1023 451 1085 514; x_wconf 90' lang='lat' dir='ltr'>hoc</span> <span class='ocrx_word' id='word_1_13' title='bbox 1101 449 1234 536; x_wconf 86' lang='lat' dir='ltr'>quidem</span> 
     </span>
     <span class='ocr_line' id='line_1_3' title="bbox 196 536 1233 627; baseline -0.003 -25"><span class='ocrx_word' id='word_1_14' title='bbox 196 561 315 626; x_wconf 85' lang='lat' dir='ltr'>genere</span> <span class='ocrx_word' id='word_1_15' title='bbox 329 539 576 627; x_wconf 83' lang='lat' dir='ltr'>disceptationis,</span> <span class='ocrx_word' id='word_1_16' title='bbox 592 537 711 602; x_wconf 78' lang='lat' dir='ltr'>etiams</span> <span class='ocrx_word' id='word_1_17' title='bbox 725 557 793 599; x_wconf 64' lang='lat' dir='ltr'>‘non</span> <span class='ocrx_word' id='word_1_18' title='bbox 809 539 917 601; x_wconf 87' lang='lat' dir='ltr'>omnia</span> <span class='ocrx_word' id='word_1_19' title='bbox 935 537 1028 616; x_wconf 86' lang='lat' dir='ltr'>tradi,</span> <span class='ocrx_word' id='word_1_20' title='bbox 1044 549 1151 600; x_wconf 85' lang='lat' dir='ltr'>tamen</span> <span class='ocrx_word' id='word_1_21' title='bbox 1173 536 1233 600; x_wconf 86' lang='lat' dir='ltr'>ali-</span> 
     </span>
     <span class='ocr_line' id='line_1_4' title="bbox 160 621 1234 773; baseline -0.003 -83"><span class='ocrx_word' id='word_1_22' title='bbox 160 637 182 706; x_wconf 84' lang='lat'><em>5</em></span> <span class='ocrx_word' id='word_1_23' title='bbox 196 647 263 773; x_wconf 76' lang='lat' dir='ltr'>qua</span> <span class='ocrx_word' id='word_1_24' title='bbox 287 639 471 712; x_wconf 86' lang='lat' dir='ltr'>potuerunt.</span> <span class='ocrx_word' id='word_1_25' title='bbox 516 625 600 688; x_wconf 87' lang='lat' dir='ltr'>Sunt</span> <span class='ocrx_word' id='word_1_26' title='bbox 624 624 698 701; x_wconf 74' lang='lat' dir='ltr'>alin,</span> <span class='ocrx_word' id='word_1_27' title='bbox 724 643 808 707; x_wconf 70' lang='lat' dir='ltr'>quae,</span> <span class='ocrx_word' id='word_1_28' title='bbox 836 623 891 686; x_wconf 89' lang='lat' dir='ltr'>nisr</span> <span class='ocrx_word' id='word_1_29' title='bbox 917 623 1086 710; x_wconf 88' lang='lat' dir='ltr'>propofita,</span> <span class='ocrx_word' id='word_1_30' title='bbox 1102 621 1143 686; x_wconf 91' lang='lat' dir='ltr'>de</span> <span class='ocrx_word' id='word_1_31' title='bbox 1167 641 1234 708; x_wconf 80' lang='lat' dir='ltr'>qua</span> 
     </span>
    </p>
   </div>
   <div class='ocr_carea' id='block_1_3' title="bbox 94 707 1294 3706">
    <p class='ocr_par' dir='ltr' id='par_1_3' title="bbox 94 707 1233 1736">
     <span class='ocr_line' id='line_1_5' title="bbox 220 707 1231 795; baseline -0.002 -21"><span class='ocrx_word' id='word_1_32' title='bbox 220 709 395 775; x_wconf 86' lang='lat' dir='ltr'>icendumz</span> <span class='ocrx_word' id='word_1_33' title='bbox 422 713 476 784; x_wconf 84' lang='lat' dir='ltr'>est,</span> <span class='ocrx_word' id='word_1_34' title='bbox 499 709 643 785; x_wconf 81' lang='lat' dir='ltr'>materia,</span> <span class='ocrx_word' id='word_1_35' title='bbox 666 709 752 771; x_wconf 86' lang='lat' dir='ltr'>viam</span> <span class='ocrx_word' id='word_1_36' title='bbox 780 707 941 772; x_wconf 70' lang='lat' dir='ltr'>docendi³</span> <span class='ocrx_word' id='word_1_37' title='bbox 964 731 1029 772; x_wconf 91' lang='lat' dir='ltr'>non</span> <span class='ocrx_word' id='word_1_38' title='bbox 1054 708 1231 795; x_wconf 84' lang='lat' dir='ltr'>praebeant.</span> 
     </span>
     <span class='ocr_line' id='line_1_6' title="bbox 196 792 1232 880; baseline -0.002 -20"><span class='ocrx_word' id='word_1_39' title='bbox 196 797 275 860; x_wconf 91' lang='lat' dir='ltr'>Non</span> <span class='ocrx_word' id='word_1_40' title='bbox 292 796 376 862; x_wconf 87' lang='lat' dir='ltr'>enim</span> <span class='ocrx_word' id='word_1_41' title='bbox 392 795 494 861; x_wconf 85' lang='lat' dir='ltr'>caussa</span> <span class='ocrx_word' id='word_1_42' title='bbox 508 794 679 860; x_wconf 72' lang='lat' dir='ltr'>universab</span> <span class='ocrx_word' id='word_1_43' title='bbox 702 793 736 856; x_wconf 91' lang='lat' dir='ltr'>in</span> <span class='ocrx_word' id='word_1_44' title='bbox 757 793 945 880; x_wconf 74' lang='lat' dir='ltr'>quaestiones</span> <span class='ocrx_word' id='word_1_45' title='bbox 966 813 1002 856; x_wconf 83' lang='lat' dir='ltr'>ac</span> <span class='ocrx_word' id='word_1_46' title='bbox 1024 793 1112 858; x_wconf 90' lang='lat' dir='ltr'>locos</span> <span class='ocrx_word' id='word_1_47' title='bbox 1135 792 1232 858; x_wconf 90' lang='lat' dir='ltr'>didu-</span> 
     </span>
     <span class='ocr_line' id='line_1_7' title="bbox 196 877 1231 964; baseline -0.001 -20"><span class='ocrx_word' id='word_1_48' title='bbox 196 879 321 946; x_wconf 85' lang='lat' dir='ltr'>ecudac</span> <span class='ocrx_word' id='word_1_49' title='bbox 344 885 410 946; x_wconf 85' lang='lat' dir='ltr'>est:</span> <span class='ocrx_word' id='word_1_50' title='bbox 443 881 495 946; x_wconf 86' lang='lat' dir='ltr'>sed</span> <span class='ocrx_word' id='word_1_51' title='bbox 519 881 571 944; x_wconf 84' lang='lat' dir='ltr'>hae</span> <span class='ocrx_word' id='word_1_52' title='bbox 597 879 669 964; x_wconf 83' lang='lat' dir='ltr'>ipsae</span> <span class='ocrx_word' id='word_1_53' title='bbox 694 891 798 964; x_wconf 83' lang='lat' dir='ltr'>partes</span> <span class='ocrx_word' id='word_1_54' title='bbox 818 878 938 942; x_wconf 87' lang='lat' dir='ltr'>habent</span> <span class='ocrx_word' id='word_1_55' title='bbox 959 879 1064 944; x_wconf 88' lang='lat' dir='ltr'>rursus</span> <span class='ocrx_word' id='word_1_56' title='bbox 1083 877 1231 944; x_wconf 76' lang='lat' dir='ltr'>ordinem</span> 
     </span>
     <span class='ocr_line' id='line_1_8' title="bbox 102 961 1231 1052; baseline 0 -22"><span class='ocrx_word' id='word_1_57' title='bbox 102 1031 105 1041; x_wconf 86' lang='lat'><em>.</em></span> <span class='ocrx_word' id='word_1_58' title='bbox 194 968 298 1032; x_wconf 89' lang='lat' dir='ltr'>suum.</span> <span class='ocrx_word' id='word_1_59' title='bbox 343 961 430 1031; x_wconf 81' lang='lat' dir='ltr'>Nam</span> <span class='ocrx_word' id='word_1_60' title='bbox 454 980 486 1030; x_wconf 90' lang='lat' dir='ltr'>et</span> <span class='ocrx_word' id='word_1_61' title='bbox 507 967 540 1029; x_wconf 89' lang='lat' dir='ltr'>in</span> <span class='ocrx_word' id='word_1_62' title='bbox 562 965 721 1052; x_wconf 84' lang='lat' dir='ltr'>prooemio</span> <span class='ocrx_word' id='word_1_63' title='bbox 742 965 881 1050; x_wconf 89' lang='lat' dir='ltr'>primum</span> <span class='ocrx_word' id='word_1_64' title='bbox 906 965 949 1027; x_wconf 87' lang='lat' dir='ltr'>est</span> <span class='ocrx_word' id='word_1_65' title='bbox 973 965 1107 1050; x_wconf 85' lang='lat' dir='ltr'>aliquid,</span> <span class='ocrx_word' id='word_1_66' title='bbox 1123 977 1157 1028; x_wconf 89' lang='lat' dir='ltr'>et</span> <span class='ocrx_word' id='word_1_67' title='bbox 1181 963 1231 1030; x_wconf 88' lang='lat' dir='ltr'>se-</span> 
     </span>
     <span class='ocr_line' id='line_1_9' title="bbox 195 1049 1232 1138; baseline -0.002 -22"><span class='ocrx_word' id='word_1_68' title='bbox 195 1054 352 1132; x_wconf 81' lang='lat' dir='ltr'>cundum,</span> <span class='ocrx_word' id='word_1_69' title='bbox 369 1075 406 1116; x_wconf 86' lang='lat' dir='ltr'>ao</span> <span class='ocrx_word' id='word_1_70' title='bbox 421 1053 584 1138; x_wconf 81' lang='lat' dir='ltr'>deinceps.</span> <span class='ocrx_word' id='word_1_71' title='bbox 629 1052 674 1114; x_wconf 89' lang='lat' dir='ltr'>Et</span> <span class='ocrx_word' id='word_1_72' title='bbox 692 1049 810 1136; x_wconf 65' lang='lat' dir='ltr'>queastio</span> <span class='ocrx_word' id='word_1_73' title='bbox 832 1051 937 1112; x_wconf 87' lang='lat' dir='ltr'>omnis</span> <span class='ocrx_word' id='word_1_74' title='bbox 959 1071 996 1113; x_wconf 88' lang='lat' dir='ltr'>ac</span> <span class='ocrx_word' id='word_1_75' title='bbox 1018 1051 1050 1114; x_wconf 91' lang='lat' dir='ltr'>lo</span> <span class='ocrx_word' id='word_1_76' title='bbox 1132 1049 1232 1114; x_wconf 83' lang='lat' dir='ltr'>habet</span> 
     </span>
     <span class='ocr_line' id='line_1_10' title="bbox 160 1073 1230 1223; baseline -0.001 -24"><span class='ocrx_word' id='word_1_77' title='bbox 160 1137 281 1202; x_wconf 83' lang='lat' dir='ltr'>6suam</span> <span class='ocrx_word' id='word_1_78' title='bbox 297 1139 542 1223; x_wconf 75' lang='lat' dir='ltr'>dispositionem,</span> <span class='ocrx_word' id='word_1_79' title='bbox 558 1148 599 1202; x_wconf 85' lang='lat' dir='ltr'>ot</span> <span class='ocrx_word' id='word_1_80' title='bbox 612 1135 715 1200; x_wconf 86' lang='lat' dir='ltr'>theses</span> <span class='ocrx_word' id='word_1_81' title='bbox 728 1137 825 1212; x_wconf 84' lang='lat' dir='ltr'>etiam</span> <span class='ocrx_word' id='word_1_82' title='bbox 842 1134 1008 1222; x_wconf 76' lang='lat' dir='ltr'>simplices.</span> <span class='ocrx_word' id='word_1_83' title='bbox 1052 1073 1146 1200; x_wconf 50' lang='lat' dir='ltr'>ma</span> <span class='ocrx_word' id='word_1_84' title='bbox 1163 1135 1230 1199; x_wconf 82' lang='lat' dir='ltr'>sor-</span> 
     </span>
     <span class='ocr_line' id='line_1_11' title="bbox 140 1219 1233 1308; baseline -0.006 -16"><span class='ocrx_word' id='word_1_85' title='bbox 140 1283 144 1292; x_wconf 92' lang='lat'>.</span> <span class='ocrx_word' id='word_1_86' title='bbox 194 1235 228 1286; x_wconf 90' lang='lat' dir='ltr'>te</span> <span class='ocrx_word' id='word_1_87' title='bbox 242 1224 316 1288; x_wconf 81' lang='lat' dir='ltr'>satis</span> <span class='ocrx_word' id='word_1_88' title='bbox 332 1224 392 1287; x_wconf 84' lang='lat' dir='ltr'>erit</span> <span class='ocrx_word' id='word_1_89' title='bbox 406 1222 592 1287; x_wconf 70' lang='lat' dir='ltr'>dividendi⁶</span> <span class='ocrx_word' id='word_1_90' title='bbox 610 1222 743 1308; x_wconf 86' lang='lat' dir='ltr'>peritus,</span> <span class='ocrx_word' id='word_1_91' title='bbox 758 1220 816 1308; x_wconf 91' lang='lat' dir='ltr'>qui</span> <span class='ocrx_word' id='word_1_92' title='bbox 832 1220 1074 1286; x_wconf 78' lang='lat' dir='ltr'>controversam</span> <span class='ocrx_word' id='word_1_93' title='bbox 1091 1223 1123 1284; x_wconf 89' lang='lat' dir='ltr'>iu</span> <span class='ocrx_word' id='word_1_94' title='bbox 1139 1219 1233 1285; x_wconf 70' lang='lat' dir='ltr'>haec‘</span> 
     </span>
     <span class='ocr_line' id='line_1_12' title="bbox 94 1307 1232 1394; baseline -0.002 -22"><span class='ocrx_word' id='word_1_95' title='bbox 94 1353 97 1360; x_wconf 24' lang='grc' dir='ltr'><strong>Δ</strong></span> <span class='ocrx_word' id='word_1_96' title='bbox 194 1309 367 1387; x_wconf 83' lang='lat' dir='ltr'>diduxerit,</span> <span class='ocrx_word' id='word_1_97' title='bbox 384 1333 426 1372; x_wconf 83' lang='lat' dir='ltr'>an</span> <span class='ocrx_word' id='word_1_98' title='bbox 445 1333 526 1373; x_wconf 79' lang='lat' dir='ltr'>omne</span> <span class='ocrx_word' id='word_1_99' title='bbox 549 1308 706 1394; x_wconf 66' lang='lat' dir='ltr'>preamium</span> <span class='ocrx_word' id='word_1_100' title='bbox 730 1307 798 1370; x_wconf 84' lang='lat' dir='ltr'>viro</span> <span class='ocrx_word' id='word_1_101' title='bbox 813 1307 896 1393; x_wconf 79' lang='lat' dir='ltr'>sorti</span> <span class='ocrx_word' id='word_1_102' title='bbox 917 1307 1050 1369; x_wconf 81' lang='lat' dir='ltr'>dandum</span> <span class='ocrx_word' id='word_1_103' title='bbox 1065 1307 1119 1392; x_wconf 80' lang='lat' dir='ltr'>stt,</span> <span class='ocrx_word' id='word_1_104' title='bbox 1136 1331 1177 1370; x_wconf 83' lang='lat' dir='ltr'>au</span> <span class='ocrx_word' id='word_1_105' title='bbox 1196 1330 1232 1370; x_wconf 65' lang='grc' dir='ltr'>επ</span> 
     </span>
     <span class='ocr_line' id='line_1_13' title="bbox 143 1391 1231 1483; baseline 0 -27"><span class='ocrx_word' id='word_1_106' title='bbox 143 1424 145 1432; x_wconf 41' lang='lat' dir='ltr'><em>s</em></span> <span class='ocrx_word' id='word_1_107' title='bbox 191 1395 326 1483; x_wconf 80' lang='lat' dir='ltr'>privato,</span> <span class='ocrx_word' id='word_1_108' title='bbox 341 1419 382 1458; x_wconf 81' lang='lat' dir='ltr'>an</span> <span class='ocrx_word' id='word_1_109' title='bbox 397 1396 523 1482; x_wconf 69' lang='lat' dir='ltr'>neptim,</span> <span class='ocrx_word' id='word_1_110' title='bbox 539 1417 581 1457; x_wconf 84' lang='lat' dir='ltr'>an</span> <span class='ocrx_word' id='word_1_111' title='bbox 596 1417 643 1473; x_wconf 81' lang='lat' dir='ltr'>ea,</span> <span class='ocrx_word' id='word_1_112' title='bbox 659 1417 729 1480; x_wconf 76' lang='lat' dir='ltr'>quea</span> <span class='ocrx_word' id='word_1_113' title='bbox 742 1393 897 1480; x_wconf 83' lang='lat' dir='ltr'>nuptastt‚</span> <span class='ocrx_word' id='word_1_114' title='bbox 913 1417 953 1456; x_wconf 83' lang='lat' dir='ltr'>an</span> <span class='ocrx_word' id='word_1_115' title='bbox 969 1393 1032 1455; x_wconf 81' lang='lat' dir='ltr'>haec</span> <span class='ocrx_word' id='word_1_116' title='bbox 1043 1396 1082 1455; x_wconf 67' lang='lat'>2?</span> <span class='ocrx_word' id='word_1_117' title='bbox 1103 1391 1231 1471; x_wconf 72' lang='lat' dir='ltr'>deinde,</span> 
     </span>
     <span class='ocr_line' id='line_1_14' title="bbox 193 1475 1233 1567; baseline 0 -25"><span class='ocrx_word' id='word_1_118' title='bbox 193 1501 269 1543; x_wconf 90' lang='lat' dir='ltr'>cum</span> <span class='ocrx_word' id='word_1_119' title='bbox 294 1479 392 1543; x_wconf 86' lang='lat' dir='ltr'>suerit</span> <span class='ocrx_word' id='word_1_120' title='bbox 417 1479 458 1544; x_wconf 88' lang='lat' dir='ltr'>de</span> <span class='ocrx_word' id='word_1_121' title='bbox 479 1479 584 1567; x_wconf 86' lang='lat' dir='ltr'>prima</span> <span class='ocrx_word' id='word_1_122' title='bbox 597 1477 768 1566; x_wconf 86' lang='lat' dir='ltr'>quaestione</span> <span class='ocrx_word' id='word_1_123' title='bbox 793 1477 980 1558; x_wconf 84' lang='lat' dir='ltr'>dicendum,</span> <span class='ocrx_word' id='word_1_124' title='bbox 1002 1475 1122 1564; x_wconf 87' lang='lat' dir='ltr'>paffim,</span> <span class='ocrx_word' id='word_1_125' title='bbox 1138 1490 1172 1541; x_wconf 90' lang='lat' dir='ltr'>et</span> <span class='ocrx_word' id='word_1_126' title='bbox 1194 1491 1233 1542; x_wconf 88' lang='lat' dir='ltr'>ut</span> 
     </span>
     <span class='ocr_line' id='line_1_15' title="bbox 193 1561 1230 1650; baseline 0.001 -24"><span class='ocrx_word' id='word_1_127' title='bbox 193 1564 364 1650; x_wconf 76' lang='lat' dir='ltr'>quidqueb</span> <span class='ocrx_word' id='word_1_128' title='bbox 385 1565 418 1628; x_wconf 90' lang='lat' dir='ltr'>in</span> <span class='ocrx_word' id='word_1_129' title='bbox 441 1578 584 1629; x_wconf 84' lang='lat' dir='ltr'>mentem</span> <span class='ocrx_word' id='word_1_130' title='bbox 604 1563 722 1642; x_wconf 87' lang='lat' dir='ltr'>veniet,</span> <span class='ocrx_word' id='word_1_131' title='bbox 738 1561 921 1628; x_wconf 87' lang='lat' dir='ltr'>miscuerit?</span> <span class='ocrx_word' id='word_1_132' title='bbox 945 1585 1010 1627; x_wconf 94' lang='lat' dir='ltr'>non</span> <span class='ocrx_word' id='word_1_133' title='bbox 1032 1563 1172 1650; x_wconf 91' lang='lat' dir='ltr'>primum</span> <span class='ocrx_word' id='word_1_134' title='bbox 1196 1562 1230 1627; x_wconf 84' lang='lat' dir='ltr'>in</span> 
     </span>
     <span class='ocr_line' id='line_1_16' title="bbox 194 1647 1230 1736; baseline -0.001 -24"><span class='ocrx_word' id='word_1_135' title='bbox 194 1671 233 1712; x_wconf 86' lang='lat' dir='ltr'>ea</span> <span class='ocrx_word' id='word_1_136' title='bbox 247 1651 351 1715; x_wconf 88' lang='lat' dir='ltr'>scierit</span> <span class='ocrx_word' id='word_1_137' title='bbox 367 1651 427 1716; x_wconf 86' lang='lat' dir='ltr'>else</span> <span class='ocrx_word' id='word_1_138' title='bbox 446 1649 659 1730; x_wconf 66' lang='lat' dir='ltr'>tradendum,</span> <span class='ocrx_word' id='word_1_139' title='bbox 678 1649 778 1712; x_wconf 82' lang='lat' dir='ltr'>Verbis</span> <span class='ocrx_word' id='word_1_140' title='bbox 798 1649 873 1736; x_wconf 82' lang='lat' dir='ltr'>legis</span> <span class='ocrx_word' id='word_1_141' title='bbox 882 1647 1029 1735; x_wconf 79' lang='lat' dir='ltr'>standum</span> <span class='ocrx_word' id='word_1_142' title='bbox 1039 1649 1097 1734; x_wconf 79' lang='lat' dir='ltr'>fit,</span> <span class='ocrx_word' id='word_1_143' title='bbox 1112 1675 1153 1713; x_wconf 81' lang='lat' dir='ltr'>on</span> <span class='ocrx_word' id='word_1_144' title='bbox 1174 1672 1230 1712; x_wconf 82' lang='lat' dir='ltr'>oo-</span> 
     </span>
    </p>

    <p class='ocr_par' dir='ltr' id='par_1_4' title="bbox 162 1732 1232 2091">
     <span class='ocr_line' id='line_1_17' title="bbox 162 1732 1228 1824; baseline 0.005 -27"><span class='ocrx_word' id='word_1_145' title='bbox 162 1743 181 1820; x_wconf 85' lang='lat'>7</span> <span class='ocrx_word' id='word_1_146' title='bbox 197 1733 342 1800; x_wconf 76' lang='lat' dir='ltr'>lentate?</span> <span class='ocrx_word' id='word_1_147' title='bbox 362 1735 461 1822; x_wconf 82' lang='lat' dir='ltr'>hujus</span> <span class='ocrx_word' id='word_1_148' title='bbox 480 1737 575 1824; x_wconf 81' lang='lat' dir='ltr'>ipsius</span> <span class='ocrx_word' id='word_1_149' title='bbox 596 1733 762 1823; x_wconf 88' lang='lat' dir='ltr'>particulae</span> <span class='ocrx_word' id='word_1_150' title='bbox 784 1734 915 1821; x_wconf 81' lang='lat' dir='ltr'>aliquod</span> <span class='ocrx_word' id='word_1_151' title='bbox 929 1734 1057 1798; x_wconf 90' lang='lat' dir='ltr'>initium</span> <span class='ocrx_word' id='word_1_152' title='bbox 1073 1732 1228 1804; x_wconf 76' lang='lat' dir='ltr'>fecerit²?</span> 
     </span>
     <span class='ocr_line' id='line_1_18' title="bbox 196 1819 1232 1908; baseline 0 -24"><span class='ocrx_word' id='word_1_153' title='bbox 196 1819 325 1900; x_wconf 87' lang='lat' dir='ltr'>deinde,</span> <span class='ocrx_word' id='word_1_154' title='bbox 341 1823 485 1908; x_wconf 80' lang='lat' dir='ltr'>proxima</span> <span class='ocrx_word' id='word_1_155' title='bbox 505 1822 705 1898; x_wconf 68' lang='lat' dir='ltr'>subnectens,</span> <span class='ocrx_word' id='word_1_156' title='bbox 726 1821 870 1884; x_wconf 81' lang='lat' dir='ltr'>struxerit</span> <span class='ocrx_word' id='word_1_157' title='bbox 890 1821 1079 1900; x_wconf 82' lang='lat' dir='ltr'>orationem,</span> <span class='ocrx_word' id='word_1_158' title='bbox 1095 1833 1143 1899; x_wconf 90' lang='lat' dir='ltr'>ut,</span> <span class='ocrx_word' id='word_1_159' title='bbox 1160 1838 1232 1905; x_wconf 78' lang='lat' dir='ltr'>part</span> 
     </span>
     <span class='ocr_line' id='line_1_19' title="bbox 195 1905 1229 1994; baseline 0.001 -25"><span class='ocrx_word' id='word_1_160' title='bbox 195 1905 338 1975; x_wconf 84' lang='lat' dir='ltr'>hominis</span> <span class='ocrx_word' id='word_1_161' title='bbox 361 1909 403 1971; x_wconf 89' lang='lat' dir='ltr'>est</span> <span class='ocrx_word' id='word_1_162' title='bbox 418 1931 544 1986; x_wconf 78' lang='lat' dir='ltr'>manue,</span> <span class='ocrx_word' id='word_1_163' title='bbox 559 1907 639 1994; x_wconf 73' lang='lat' dir='ltr'>ejuS,</span> <span class='ocrx_word' id='word_1_164' title='bbox 655 1907 762 1992; x_wconf 80' lang='lat' dir='ltr'>digiti,</span> <span class='ocrx_word' id='word_1_165' title='bbox 778 1906 905 1970; x_wconf 89' lang='lat' dir='ltr'>illorum</span> <span class='ocrx_word' id='word_1_166' title='bbox 920 1927 1062 1994; x_wconf 90' lang='lat' dir='ltr'>quoquc,</span> <span class='ocrx_word' id='word_1_167' title='bbox 1077 1906 1229 1970; x_wconf 81' lang='lat' dir='ltr'>articuli?</span> 
     </span>
     <span class='ocr_line' id='line_1_20' title="bbox 196 1991 1231 2091; baseline 0 -37"><span class='ocrx_word' id='word_1_168' title='bbox 196 1991 254 2054; x_wconf 56' lang='lat' dir='ltr'>Est*</span> <span class='ocrx_word' id='word_1_169' title='bbox 264 2006 298 2058; x_wconf 87' lang='lat' dir='ltr'>et</span> <span class='ocrx_word' id='word_1_170' title='bbox 313 1993 387 2072; x_wconf 89' lang='lat' dir='ltr'>hoe,</span> <span class='ocrx_word' id='word_1_171' title='bbox 403 1993 490 2080; x_wconf 84' lang='lat' dir='ltr'>quod</span> <span class='ocrx_word' id='word_1_172' title='bbox 504 1993 636 2078; x_wconf 85' lang='lat' dir='ltr'>scriptor</span> <span class='ocrx_word' id='word_1_173' title='bbox 649 1992 859 2056; x_wconf 85' lang='lat' dir='ltr'>demonstrare</span> <span class='ocrx_word' id='word_1_174' title='bbox 873 2015 937 2056; x_wconf 92' lang='lat' dir='ltr'>non</span> <span class='ocrx_word' id='word_1_175' title='bbox 960 1992 1063 2091; x_wconf 89' lang='lat' dir='ltr'>poffit,</span> <span class='ocrx_word' id='word_1_176' title='bbox 1080 1992 1135 2056; x_wconf 80' lang='lat' dir='ltr'>nist</span> <span class='ocrx_word' id='word_1_177' title='bbox 1159 2013 1231 2054; x_wconf 87' lang='lat' dir='ltr'>cer-</span> 
     </span>
    </p>

    <p class='ocr_par' dir='ltr' id='par_1_5' title="bbox 162 2072 1233 2933">
     <span class='ocr_line' id='line_1_21' title="bbox 163 2072 1229 2166; baseline 0.002 -26"><span class='ocrx_word' id='word_1_178' title='bbox 163 2078 183 2140; x_wconf 84' lang='lat'>8</span> <span class='ocrx_word' id='word_1_179' title='bbox 197 2089 240 2156; x_wconf 86' lang='lat' dir='ltr'>ta,</span> <span class='ocrx_word' id='word_1_180' title='bbox 256 2072 450 2166; x_wconf 86' lang='lat' dir='ltr'>definitaque</span> <span class='ocrx_word' id='word_1_181' title='bbox 465 2081 608 2144; x_wconf 82' lang='lat' dir='ltr'>materia.</span> <span class='ocrx_word' id='word_1_182' title='bbox 654 2078 718 2142; x_wconf 86' lang='lat' dir='ltr'>Sed</span> <span class='ocrx_word' id='word_1_183' title='bbox 738 2076 816 2164; x_wconf 91' lang='lat' dir='ltr'>quid</span> <span class='ocrx_word' id='word_1_184' title='bbox 835 2099 900 2142; x_wconf 87' lang='lat' dir='ltr'>una</span> <span class='ocrx_word' id='word_1_185' title='bbox 914 2076 1019 2157; x_wconf 79' lang='lat' dir='ltr'>faciat,</span> <span class='ocrx_word' id='word_1_186' title='bbox 1036 2089 1092 2141; x_wconf 87' lang='lat' dir='ltr'>aut</span> <span class='ocrx_word' id='word_1_187' title='bbox 1105 2078 1229 2142; x_wconf 76' lang='lat' dir='ltr'>altera?</span> 
     </span>
     <span class='ocr_line' id='line_1_22' title="bbox 193 2163 1231 2249; baseline 0 -23"><span class='ocrx_word' id='word_1_188' title='bbox 193 2163 272 2248; x_wconf 88' lang='lat' dir='ltr'>quin</span> <span class='ocrx_word' id='word_1_189' title='bbox 287 2164 389 2228; x_wconf 89' lang='lat' dir='ltr'>immo</span> <span class='ocrx_word' id='word_1_190' title='bbox 404 2180 535 2230; x_wconf 87' lang='lat' dir='ltr'>centum</span> <span class='ocrx_word' id='word_1_191' title='bbox 550 2188 588 2229; x_wconf 88' lang='lat' dir='ltr'>ac</span> <span class='ocrx_word' id='word_1_192' title='bbox 609 2163 713 2242; x_wconf 83' lang='lat' dir='ltr'>mille‚&#39;</span> <span class='ocrx_word' id='word_1_193' title='bbox 724 2164 758 2227; x_wconf 92' lang='lat' dir='ltr'>in</span> <span class='ocrx_word' id='word_1_194' title='bbox 779 2186 813 2227; x_wconf 87' lang='lat' dir='ltr'>re</span> <span class='ocrx_word' id='word_1_195' title='bbox 834 2163 959 2244; x_wconf 86' lang='lat' dir='ltr'>infinita</span> <span class='ocrx_word' id='word_1_196' title='bbox 970 2164 991 2243; x_wconf 92' lang='lat'>¹,</span> <span class='ocrx_word' id='word_1_197' title='bbox 1007 2173 1103 2249; x_wconf 90' lang='lat' dir='ltr'>atque</span> <span class='ocrx_word' id='word_1_198' title='bbox 1125 2176 1231 2227; x_wconf 87' lang='lat' dir='ltr'>mate-</span> 
     </span>
     <span class='ocr_line' id='line_1_23' title="bbox 193 2248 1233 2336; baseline 0.001 -24"><span class='ocrx_word' id='word_1_199' title='bbox 193 2248 265 2312; x_wconf 74' lang='lat' dir='ltr'>ria?</span> <span class='ocrx_word' id='word_1_200' title='bbox 294 2251 500 2336; x_wconf 83' lang='lat' dir='ltr'>Praeceptoris</span> <span class='ocrx_word' id='word_1_201' title='bbox 522 2252 578 2330; x_wconf 79' lang='lat' dir='ltr'>est,</span> <span class='ocrx_word' id='word_1_202' title='bbox 594 2250 628 2313; x_wconf 91' lang='lat' dir='ltr'>in</span> <span class='ocrx_word' id='word_1_203' title='bbox 651 2249 715 2313; x_wconf 85' lang='lat' dir='ltr'>alio</span> <span class='ocrx_word' id='word_1_204' title='bbox 738 2259 834 2335; x_wconf 83' lang='lat' dir='ltr'>atque</span> <span class='ocrx_word' id='word_1_205' title='bbox 854 2249 920 2312; x_wconf 84' lang='lat' dir='ltr'>‘alio</span> <span class='ocrx_word' id='word_1_206' title='bbox 943 2269 1061 2336; x_wconf 85' lang='lat' dir='ltr'>genere</span> <span class='ocrx_word' id='word_1_207' title='bbox 1087 2248 1233 2335; x_wconf 75' lang='lat' dir='ltr'>quotidie</span> 
     </span>
     <span class='ocr_line' id='line_1_24' title="bbox 194 2333 1233 2421; baseline 0.003 -25"><span class='ocrx_word' id='word_1_208' title='bbox 194 2333 368 2414; x_wconf 84' lang='lat' dir='ltr'>ostendere,</span> <span class='ocrx_word' id='word_1_209' title='bbox 395 2336 468 2420; x_wconf 87' lang='lat' dir='ltr'>quis</span> <span class='ocrx_word' id='word_1_210' title='bbox 492 2335 571 2398; x_wconf 92' lang='lat' dir='ltr'>ordo</span> <span class='ocrx_word' id='word_1_211' title='bbox 597 2335 634 2397; x_wconf 91' lang='lat' dir='ltr'>fit</span> <span class='ocrx_word' id='word_1_212' title='bbox 662 2357 781 2414; x_wconf 88' lang='lat' dir='ltr'>rerum,</span> <span class='ocrx_word' id='word_1_213' title='bbox 808 2346 842 2398; x_wconf 85' lang='lat' dir='ltr'>et</span> <span class='ocrx_word' id='word_1_214' title='bbox 870 2355 942 2420; x_wconf 85' lang='lat' dir='ltr'>quae</span> <span class='ocrx_word' id='word_1_215' title='bbox 971 2335 1158 2421; x_wconf 84' lang='lat' dir='ltr'>copulatio:</span> <span class='ocrx_word' id='word_1_216' title='bbox 1194 2347 1233 2418; x_wconf 81' lang='lat' dir='ltr'>ut</span> 
     </span>
     <span class='ocr_line' id='line_1_25' title="bbox 194 2417 1232 2504; baseline 0.003 -24"><span class='ocrx_word' id='word_1_217' title='bbox 194 2418 363 2504; x_wconf 83' lang='lat' dir='ltr'>paullatim</span> <span class='ocrx_word' id='word_1_218' title='bbox 387 2421 441 2483; x_wconf 86' lang='lat' dir='ltr'>fiat</span> <span class='ocrx_word' id='word_1_219' title='bbox 463 2419 548 2496; x_wconf 87' lang='lat' dir='ltr'>usus,</span> <span class='ocrx_word' id='word_1_220' title='bbox 565 2431 599 2482; x_wconf 87' lang='lat' dir='ltr'>et</span> <span class='ocrx_word' id='word_1_221' title='bbox 622 2417 661 2482; x_wconf 88' lang='lat' dir='ltr'>ad</span> <span class='ocrx_word' id='word_1_222' title='bbox 686 2419 798 2482; x_wconf 87' lang='lat' dir='ltr'>sunilia</span> <span class='ocrx_word' id='word_1_223' title='bbox 819 2421 979 2483; x_wconf 61' lang='lat' dir='ltr'>transitum</span> <span class='ocrx_word' id='word_1_224' title='bbox 1023 2419 1122 2483; x_wconf 84' lang='lat' dir='ltr'>Tradi</span> <span class='ocrx_word' id='word_1_225' title='bbox 1143 2419 1232 2484; x_wconf 89' lang='lat' dir='ltr'>enim</span> 
     </span>
     <span class='ocr_line' id='line_1_26' title="bbox 162 2503 1232 2592; baseline 0.004 -26"><span class='ocrx_word' id='word_1_226' title='bbox 162 2503 316 2587; x_wconf 67' lang='lat' dir='ltr'>pumma,</span> <span class='ocrx_word' id='word_1_227' title='bbox 344 2529 419 2591; x_wconf 87' lang='lat' dir='ltr'>quae</span> <span class='ocrx_word' id='word_1_228' title='bbox 444 2527 493 2568; x_wconf 85' lang='lat' dir='ltr'>ars</span> <span class='ocrx_word' id='word_1_229' title='bbox 519 2505 628 2584; x_wconf 89' lang='lat' dir='ltr'>efficit,</span> <span class='ocrx_word' id='word_1_230' title='bbox 650 2527 714 2568; x_wconf 91' lang='lat' dir='ltr'>non</span> <span class='ocrx_word' id='word_1_231' title='bbox 739 2503 876 2590; x_wconf 86' lang='lat' dir='ltr'>possunt.</span> <span class='ocrx_word' id='word_1_232' title='bbox 920 2507 1006 2568; x_wconf 87' lang='lat' dir='ltr'>Nam</span> <span class='ocrx_word' id='word_1_233' title='bbox 1031 2505 1105 2592; x_wconf 88' lang='lat' dir='ltr'>quis</span> <span class='ocrx_word' id='word_1_234' title='bbox 1129 2504 1232 2592; x_wconf 71' lang='lat' dir='ltr'>pictor</span> 
     </span>
     <span class='ocr_line' id='line_1_27' title="bbox 195 2589 1228 2676; baseline 0.006 -26"><span class='ocrx_word' id='word_1_235' title='bbox 195 2591 315 2669; x_wconf 83' lang='lat' dir='ltr'>omnin,</span> <span class='ocrx_word' id='word_1_236' title='bbox 330 2613 401 2676; x_wconf 79' lang='lat' dir='ltr'>quae</span> <span class='ocrx_word' id='word_1_237' title='bbox 425 2589 458 2653; x_wconf 92' lang='lat' dir='ltr'>in</span> <span class='ocrx_word' id='word_1_238' title='bbox 483 2613 588 2654; x_wconf 89' lang='lat' dir='ltr'>rerum</span> <span class='ocrx_word' id='word_1_239' title='bbox 611 2603 724 2654; x_wconf 82' lang='lat' dir='ltr'>natura</span> <span class='ocrx_word' id='word_1_240' title='bbox 746 2590 830 2668; x_wconf 86' lang='lat' dir='ltr'>sunt,</span> <span class='ocrx_word' id='word_1_241' title='bbox 851 2589 1071 2654; x_wconf 82' lang='lat' dir='ltr'>adumbrarem</span> <span class='ocrx_word' id='word_1_242' title='bbox 1093 2589 1228 2656; x_wconf 82' lang='lat' dir='ltr'>didicit?</span> 
     </span>
     <span class='ocr_line' id='line_1_28' title="bbox 193 2673 1231 2762; baseline 0.002 -24"><span class='ocrx_word' id='word_1_243' title='bbox 193 2673 260 2752; x_wconf 87' lang='lat' dir='ltr'>sed,</span> <span class='ocrx_word' id='word_1_244' title='bbox 275 2688 424 2762; x_wconf 86' lang='lat' dir='ltr'>percepta</span> <span class='ocrx_word' id='word_1_245' title='bbox 443 2675 565 2739; x_wconf 76' lang='lat' dir='ltr'>semel¹²</span> <span class='ocrx_word' id='word_1_246' title='bbox 588 2674 737 2740; x_wconf 82' lang='lat' dir='ltr'>imitandi</span> <span class='ocrx_word' id='word_1_247' title='bbox 759 2676 893 2754; x_wconf 88' lang='lat' dir='ltr'>ratione,</span> <span class='ocrx_word' id='word_1_248' title='bbox 914 2675 1113 2757; x_wconf 80' lang='lat' dir='ltr'>affimulabit,</span> <span class='ocrx_word' id='word_1_249' title='bbox 1133 2677 1231 2762; x_wconf 90' lang='lat' dir='ltr'>quid-</span> 
     </span>
     <span class='ocr_line' id='line_1_29' title="bbox 194 2759 1231 2846; baseline 0.002 -22"><span class='ocrx_word' id='word_1_250' title='bbox 194 2760 274 2846; x_wconf 90' lang='lat' dir='ltr'>quid</span> <span class='ocrx_word' id='word_1_251' title='bbox 297 2783 372 2825; x_wconf 89' lang='lat' dir='ltr'>acce</span> <span class='ocrx_word' id='word_1_252' title='bbox 396 2761 466 2826; x_wconf 91' lang='lat' dir='ltr'>erit.</span> <span class='ocrx_word' id='word_1_253' title='bbox 512 2761 627 2827; x_wconf 79' lang='lat' dir='ltr'>Quid⁰</span> <span class='ocrx_word' id='word_1_254' title='bbox 651 2761 762 2824; x_wconf 86' lang='lat' dir='ltr'>enim?</span> <span class='ocrx_word' id='word_1_255' title='bbox 788 2783 853 2824; x_wconf 92' lang='lat' dir='ltr'>uon</span> <span class='ocrx_word' id='word_1_256' title='bbox 875 2759 964 2826; x_wconf 88' lang='lat' dir='ltr'>saber</span> <span class='ocrx_word' id='word_1_257' title='bbox 987 2763 1148 2827; x_wconf 87' lang='lat' dir='ltr'>vasculum</span> <span class='ocrx_word' id='word_1_258' title='bbox 1171 2762 1231 2826; x_wconf 85' lang='lat' dir='ltr'>ali-</span> 
     </span>
     <span class='ocr_line' id='line_1_30' title="bbox 219 2783 1231 2933; baseline 0.004 -25"><span class='ocrx_word' id='word_1_259' title='bbox 219 2845 294 2925; x_wconf 91' lang='lat' dir='ltr'>uod,</span> <span class='ocrx_word' id='word_1_260' title='bbox 310 2783 405 2933; x_wconf 68' lang='lat' dir='ltr'>quale</span> <span class='ocrx_word' id='word_1_261' title='bbox 421 2869 597 2932; x_wconf 86' lang='lat' dir='ltr'>numquam</span> <span class='ocrx_word' id='word_1_262' title='bbox 612 2845 746 2926; x_wconf 85' lang='lat' dir='ltr'>viderat,</span> <span class='ocrx_word' id='word_1_263' title='bbox 762 2845 864 2911; x_wconf 81' lang='lat' dir='ltr'>facit?</span> <span class='ocrx_word' id='word_1_264' title='bbox 890 2847 1049 2912; x_wconf 76' lang='lat' dir='ltr'>Quaedam</span> <span class='ocrx_word' id='word_1_265' title='bbox 1068 2869 1144 2912; x_wconf 88' lang='lat' dir='ltr'>vero</span> <span class='ocrx_word' id='word_1_266' title='bbox 1165 2864 1231 2912; x_wconf 88' lang='lat' dir='ltr'>nou</span> 
     </span>
    </p>

    <p class='ocr_par' dir='ltr' id='par_1_6' title="bbox 142 2867 1294 3706">
     <span class='ocr_line' id='line_1_31' title="bbox 142 2867 1232 3022; baseline 0.011 -36"><span class='ocrx_word' id='word_1_267' title='bbox 142 2943 184 2988; x_wconf 86' lang='lat'>10</span> <span class='ocrx_word' id='word_1_268' title='bbox 195 2867 381 2996; x_wconf 71' lang='lat' dir='ltr'>docentium</span> <span class='ocrx_word' id='word_1_269' title='bbox 396 2932 479 3010; x_wconf 86' lang='lat' dir='ltr'>sunt,</span> <span class='ocrx_word' id='word_1_270' title='bbox 496 2931 549 2996; x_wconf 86' lang='lat' dir='ltr'>sed</span> <span class='ocrx_word' id='word_1_271' title='bbox 563 2932 765 2996; x_wconf 88' lang='lat' dir='ltr'>discentium.</span> <span class='ocrx_word' id='word_1_272' title='bbox 809 2933 896 2996; x_wconf 84' lang='lat' dir='ltr'>Nam</span> <span class='ocrx_word' id='word_1_273' title='bbox 912 2943 964 2997; x_wconf 74' lang='lat' dir='ltr'>etp</span> <span class='ocrx_word' id='word_1_274' title='bbox 979 2933 1135 3013; x_wconf 75' lang='lat' dir='ltr'>medicae,</span> <span class='ocrx_word' id='word_1_275' title='bbox 1151 2934 1232 3022; x_wconf 89' lang='lat' dir='ltr'>quid</span> 
     </span>
     <span class='ocr_line' id='line_1_32' title="bbox 194 3014 1232 3106; baseline 0.006 -26"><span class='ocrx_word' id='word_1_276' title='bbox 194 3014 227 3080; x_wconf 90' lang='lat' dir='ltr'>in</span> <span class='ocrx_word' id='word_1_277' title='bbox 244 3039 374 3103; x_wconf 87' lang='lat' dir='ltr'>quoque</span> <span class='ocrx_word' id='word_1_278' title='bbox 388 3017 580 3082; x_wconf 86' lang='lat' dir='ltr'>valetudinis</span> <span class='ocrx_word' id='word_1_279' title='bbox 618 3039 712 3098; x_wconf 81' lang='lat' dir='ltr'>encre</span> <span class='ocrx_word' id='word_1_280' title='bbox 732 3015 990 3083; x_wconf 81' lang='lat' dir='ltr'>faciendumst?</span> <span class='ocrx_word' id='word_1_281' title='bbox 1015 3019 1094 3106; x_wconf 88' lang='lat' dir='ltr'>quid</span> <span class='ocrx_word' id='word_1_282' title='bbox 1112 3020 1232 3106; x_wconf 74' lang='lat' dir='ltr'>quibus</span> 
     </span>
     <span class='ocr_line' id='line_1_33' title="bbox 194 3099 1229 3192; baseline 0.006 -28"><span class='ocrx_word' id='word_1_283' title='bbox 194 3099 291 3189; x_wconf 79' lang='lat' dir='ltr'>fignis</span> <span class='ocrx_word' id='word_1_284' title='bbox 305 3101 560 3189; x_wconf 84' lang='lat' dir='ltr'>providendum?</span> <span class='ocrx_word' id='word_1_285' title='bbox 608 3103 715 3167; x_wconf 88' lang='lat' dir='ltr'>occbit</span> <span class='ocrx_word' id='word_1_286' title='bbox 730 3129 738 3166; x_wconf 75' lang='lat' dir='ltr'><em>z</em></span> <span class='ocrx_word' id='word_1_287' title='bbox 761 3103 827 3167; x_wconf 88' lang='lat' dir='ltr'>vim</span> <span class='ocrx_word' id='word_1_288' title='bbox 841 3103 995 3171; x_wconf 86' lang='lat' dir='ltr'>sentiendi</span> <span class='ocrx_word' id='word_1_289' title='bbox 1009 3105 1117 3192; x_wconf 88' lang='lat' dir='ltr'>pulsus</span> <span class='ocrx_word' id='word_1_290' title='bbox 1131 3127 1229 3170; x_wconf 87' lang='lat' dir='ltr'>vena-</span> 
     </span>
     <span class='ocr_line' id='line_1_34' title="bbox 194 3187 1294 3275; baseline 0.005 -25"><span class='ocrx_word' id='word_1_291' title='bbox 194 3209 279 3266; x_wconf 86' lang='lat' dir='ltr'>rum,</span> <span class='ocrx_word' id='word_1_292' title='bbox 301 3187 414 3252; x_wconf 84' lang='lat' dir='ltr'>caloris</span> <span class='ocrx_word' id='word_1_293' title='bbox 440 3202 559 3266; x_wconf 76' lang='lat' dir='ltr'>motuS,</span> <span class='ocrx_word' id='word_1_294' title='bbox 582 3188 707 3275; x_wconf 89' lang='lat' dir='ltr'>spiritus</span> <span class='ocrx_word' id='word_1_295' title='bbox 729 3203 884 3268; x_wconf 86' lang='lat' dir='ltr'>meatum,</span> <span class='ocrx_word' id='word_1_296' title='bbox 898 3189 1014 3255; x_wconf 85' lang='lat' dir='ltr'>coloris</span> <span class='ocrx_word' id='word_1_297' title='bbox 1037 3191 1230 3272; x_wconf 83' lang='lat' dir='ltr'>distantiam,</span> <span class='ocrx_word' id='word_1_298' title='bbox 1293 3193 1294 3198; x_wconf 68' lang='grc'>’</span> 
     </span>
     <span class='ocr_line' id='line_1_35' title="bbox 195 3271 1233 3364; baseline 0.006 -28"><span class='ocrx_word' id='word_1_299' title='bbox 195 3295 270 3358; x_wconf 81' lang='lat' dir='ltr'>quae</span> <span class='ocrx_word' id='word_1_300' title='bbox 284 3271 338 3337; x_wconf 89' lang='lat' dir='ltr'>sua</span> <span class='ocrx_word' id='word_1_301' title='bbox 359 3273 512 3362; x_wconf 88' lang='lat' dir='ltr'>cujusque</span> <span class='ocrx_word' id='word_1_302' title='bbox 527 3276 611 3354; x_wconf 88' lang='lat' dir='ltr'>sunt,</span> <span class='ocrx_word' id='word_1_303' title='bbox 627 3274 797 3362; x_wconf 83' lang='lat' dir='ltr'>ingenium</span> <span class='ocrx_word' id='word_1_304' title='bbox 816 3274 917 3340; x_wconf 86' lang='lat' dir='ltr'>dabit.</span> <span class='ocrx_word' id='word_1_305' title='bbox 963 3277 1072 3342; x_wconf 81' lang='lat' dir='ltr'>Quare</span> <span class='ocrx_word' id='word_1_306' title='bbox 1093 3275 1233 3364; x_wconf 84' lang='lat' dir='ltr'>plurima</span> 
     </span>
     <span class='ocr_line' id='line_1_36' title="bbox 195 3357 1230 3450; baseline 0.006 -30"><span class='ocrx_word' id='word_1_307' title='bbox 195 3369 367 3442; x_wconf 77' lang='lat' dir='ltr'>petamusq</span> <span class='ocrx_word' id='word_1_308' title='bbox 391 3381 410 3424; x_wconf 87' lang='lat' dir='ltr'>a</span> <span class='ocrx_word' id='word_1_309' title='bbox 435 3357 541 3438; x_wconf 90' lang='lat' dir='ltr'>nobis,</span> <span class='ocrx_word' id='word_1_310' title='bbox 556 3375 590 3424; x_wconf 85' lang='lat' dir='ltr'>et</span> <span class='ocrx_word' id='word_1_311' title='bbox 612 3381 687 3426; x_wconf 86' lang='lat' dir='ltr'>eum</span> <span class='ocrx_word' id='word_1_312' title='bbox 710 3359 820 3424; x_wconf 84' lang='lat' dir='ltr'>cauffis</span> <span class='ocrx_word' id='word_1_313' title='bbox 840 3360 1055 3426; x_wconf 87' lang='lat' dir='ltr'>deliberemus</span> <span class='ocrx_word' id='word_1_314' title='bbox 1065 3374 1087 3442; x_wconf 86' lang='lat'>¹,</span> <span class='ocrx_word' id='word_1_315' title='bbox 1104 3364 1230 3450; x_wconf 84' lang='lat' dir='ltr'>cogite·</span> 
     </span>
     <span class='ocr_line' id='line_1_37' title="bbox 195 3442 1230 3534; baseline 0.009 -29"><span class='ocrx_word' id='word_1_316' title='bbox 195 3442 341 3530; x_wconf 87' lang='lat' dir='ltr'>musque,</span> <span class='ocrx_word' id='word_1_317' title='bbox 367 3443 515 3507; x_wconf 90' lang='lat' dir='ltr'>homines</span> <span class='ocrx_word' id='word_1_318' title='bbox 538 3457 612 3508; x_wconf 84' lang='lat' dir='ltr'>aute</span> <span class='ocrx_word' id='word_1_319' title='bbox 638 3444 788 3508; x_wconf 86' lang='lat' dir='ltr'>invenisse</span> <span class='ocrx_word' id='word_1_320' title='bbox 816 3459 929 3522; x_wconf 89' lang='lat' dir='ltr'>artem,</span> <span class='ocrx_word' id='word_1_321' title='bbox 953 3471 1051 3534; x_wconf 90' lang='lat' dir='ltr'>quam</span> <span class='ocrx_word' id='word_1_322' title='bbox 1078 3447 1230 3526; x_wconf 81' lang='lat' dir='ltr'>docuisse.</span> 
     </span>
     <span class='ocr_line' id='line_1_38' title="bbox 144 3527 1231 3617; baseline 0.01 -32"><span class='ocrx_word' id='word_1_323' title='bbox 144 3539 181 3586; x_wconf 86' lang='lat'>11</span> <span class='ocrx_word' id='word_1_324' title='bbox 197 3527 258 3591; x_wconf 84' lang='lat' dir='ltr'>Illa</span> <span class='ocrx_word' id='word_1_325' title='bbox 272 3528 358 3592; x_wconf 91' lang='lat' dir='ltr'>enim</span> <span class='ocrx_word' id='word_1_326' title='bbox 373 3529 585 3614; x_wconf 75' lang='lat' dir='ltr'>potentissima</span> <span class='ocrx_word' id='word_1_327' title='bbox 606 3529 661 3609; x_wconf 85' lang='lat' dir='ltr'>est,</span> <span class='ocrx_word' id='word_1_328' title='bbox 676 3551 815 3617; x_wconf 86' lang='lat' dir='ltr'>quaeque</span> <span class='ocrx_word' id='word_1_329' title='bbox 835 3554 907 3596; x_wconf 83' lang='lat' dir='ltr'>vere</span> <span class='ocrx_word' id='word_1_330' title='bbox 921 3531 1040 3598; x_wconf 89' lang='lat' dir='ltr'>dicitur</span> <span class='ocrx_word' id='word_1_331' title='bbox 1057 3535 1231 3597; x_wconf 81' lang='lat' dir='ltr'>oeconomica</span> 
     </span>
     <span class='ocr_line' id='line_1_39' title="bbox 184 3613 1230 3706; baseline 0.007 -30"><span class='ocrx_word' id='word_1_332' title='bbox 184 3614 296 3692; x_wconf 67' lang='lat' dir='ltr'>,totius</span> <span class='ocrx_word' id='word_1_333' title='bbox 310 3613 422 3678; x_wconf 82' lang='lat' dir='ltr'>caullae</span> <span class='ocrx_word' id='word_1_334' title='bbox 443 3615 594 3702; x_wconf 69' lang='lat' dir='ltr'>disprfitio,</span> <span class='ocrx_word' id='word_1_335' title='bbox 609 3637 682 3702; x_wconf 85' lang='lat' dir='ltr'>quae</span> <span class='ocrx_word' id='word_1_336' title='bbox 697 3617 856 3698; x_wconf 83' lang='lat' dir='ltr'>constitui,</span> <span class='ocrx_word' id='word_1_337' title='bbox 872 3615 927 3682; x_wconf 84' lang='lat' dir='ltr'>nili</span> <span class='ocrx_word' id='word_1_338' title='bbox 943 3619 1032 3684; x_wconf 87' lang='lat' dir='ltr'>velut</span> <span class='ocrx_word' id='word_1_339' title='bbox 1053 3619 1087 3683; x_wconf 92' lang='lat' dir='ltr'>in</span> <span class='ocrx_word' id='word_1_340' title='bbox 1102 3641 1136 3682; x_wconf 90' lang='lat' dir='ltr'>re</span> <span class='ocrx_word' id='word_1_341' title='bbox 1149 3641 1230 3706; x_wconf 88' lang='lat' dir='ltr'>prae-</span> 
     </span>
    </p>
   </div>
   <div class='ocr_carea' id='block_1_4' title="bbox 194 3844 1232 4234">
    <p class='ocr_par' dir='ltr' id='par_1_7' title="bbox 194 3844 1232 4234">
     <span class='ocr_line' id='line_1_40' title="bbox 229 3844 1228 3906; baseline 0.007 -16"><span class='ocrx_word' id='word_1_342' title='bbox 229 3844 452 3906; x_wconf 65' lang='lat' dir='ltr'>&#39;Et—potuerunt</span> <span class='ocrx_word' id='word_1_343' title='bbox 463 3863 504 3892; x_wconf 85' lang='lat' dir='ltr'>om.</span> <span class='ocrx_word' id='word_1_344' title='bbox 516 3845 548 3891; x_wconf 91' lang='lat' dir='ltr'>G.</span> <span class='ocrx_word' id='word_1_345' title='bbox 614 3845 734 3895; x_wconf 68' lang='lat' dir='ltr'>adrerum</span> <span class='ocrx_word' id='word_1_346' title='bbox 746 3847 776 3896; x_wconf 88' lang='lat' dir='ltr'>G.</span> <span class='ocrx_word' id='word_1_347' title='bbox 842 3848 966 3894; x_wconf 74' lang='lat' dir='ltr'>&#39;dicendi</span> <span class='ocrx_word' id='word_1_348' title='bbox 979 3849 1010 3896; x_wconf 92' lang='lat' dir='ltr'>G.</span> <span class='ocrx_word' id='word_1_349' title='bbox 1067 3845 1186 3896; x_wconf 62' lang='lat' dir='ltr'>*diversa</span> <span class='ocrx_word' id='word_1_350' title='bbox 1197 3851 1228 3897; x_wconf 91' lang='lat' dir='ltr'>G.</span> 
     </span>
     <span class='ocr_line' id='line_1_41' title="bbox 195 3907 1229 3974; baseline 0.006 -19"><span class='ocrx_word' id='word_1_351' title='bbox 195 3907 337 3956; x_wconf 53' lang='lat' dir='ltr'>*ducenda</span> <span class='ocrx_word' id='word_1_352' title='bbox 348 3911 379 3956; x_wconf 88' lang='lat' dir='ltr'>G.</span> <span class='ocrx_word' id='word_1_353' title='bbox 391 3910 455 3956; x_wconf 89' lang='lat' dir='ltr'>Jens.</span> <span class='ocrx_word' id='word_1_354' title='bbox 520 3907 686 3959; x_wconf 51' lang='lat' dir='ltr'>intruens.</span> <span class='ocrx_word' id='word_1_355' title='bbox 750 3912 907 3959; x_wconf 74' lang='lat' dir='ltr'>edividendo</span> <span class='ocrx_word' id='word_1_356' title='bbox 918 3914 999 3974; x_wconf 88' lang='lat' dir='ltr'>perdat</span> <span class='ocrx_word' id='word_1_357' title='bbox 1011 3911 1042 3960; x_wconf 89' lang='lat' dir='ltr'>G.</span> <span class='ocrx_word' id='word_1_358' title='bbox 1117 3909 1229 3961; x_wconf 60' lang='lat' dir='ltr'>‘innoc</span> 
     </span>
     <span class='ocr_line' id='line_1_42' title="bbox 195 3971 1232 4040; baseline 0.005 -19"><span class='ocrx_word' id='word_1_359' title='bbox 195 3971 505 4022; x_wconf 57' lang='lat' dir='ltr'>mantuanensem.</span> <span class='ocrx_word' id='word_1_360' title='bbox 588 3978 690 4024; x_wconf 70' lang='lat' dir='ltr'>³etiam</span> <span class='ocrx_word' id='word_1_361' title='bbox 703 3976 734 4024; x_wconf 89' lang='lat' dir='ltr'>G.</span> <span class='ocrx_word' id='word_1_362' title='bbox 818 3976 962 4040; x_wconf 75' lang='lat' dir='ltr'>hqutdquid</span> <span class='ocrx_word' id='word_1_363' title='bbox 975 3980 1006 4025; x_wconf 93' lang='lat' dir='ltr'>G.</span> <span class='ocrx_word' id='word_1_364' title='bbox 1018 3977 1083 4026; x_wconf 87' lang='lat' dir='ltr'>Jens.</span> <span class='ocrx_word' id='word_1_365' title='bbox 1154 3977 1232 4026; x_wconf 82' lang='lat' dir='ltr'>isue-</span> 
     </span>
     <span class='ocr_line' id='line_1_43' title="bbox 195 4035 1231 4100; baseline 0.01 -18"><span class='ocrx_word' id='word_1_366' title='bbox 195 4035 268 4085; x_wconf 77' lang='lat' dir='ltr'>sitG.</span> <span class='ocrx_word' id='word_1_367' title='bbox 344 4037 604 4100; x_wconf 80' lang='lat' dir='ltr'>¹finitaqueG.Jens.</span> <span class='ocrx_word' id='word_1_368' title='bbox 678 4051 700 4078; x_wconf 83' lang='lat' dir='ltr'>m</span> <span class='ocrx_word' id='word_1_369' title='bbox 718 4059 758 4088; x_wconf 81' lang='lat' dir='ltr'>om.</span> <span class='ocrx_word' id='word_1_370' title='bbox 772 4041 802 4088; x_wconf 90' lang='lat' dir='ltr'>G.</span> <span class='ocrx_word' id='word_1_371' title='bbox 862 4043 1022 4092; x_wconf 51' lang='lat' dir='ltr'>contens.</span> <span class='ocrx_word' id='word_1_372' title='bbox 1095 4051 1108 4078; x_wconf 90' lang='lat'><strong>0</strong></span> <span class='ocrx_word' id='word_1_373' title='bbox 1126 4042 1231 4094; x_wconf 72' lang='lat' dir='ltr'>eursu.</span> 
     </span>
     <span class='ocr_line' id='line_1_44' title="bbox 194 4101 1231 4170; baseline 0.01 -22"><span class='ocrx_word' id='word_1_374' title='bbox 194 4101 257 4148; x_wconf 85' lang='lat' dir='ltr'>Jcns.</span> <span class='ocrx_word' id='word_1_375' title='bbox 267 4101 376 4163; x_wconf 78' lang='lat' dir='ltr'>pulchre:</span> <span class='ocrx_word' id='word_1_376' title='bbox 393 4105 464 4166; x_wconf 76' lang='lat' dir='ltr'>utstt,</span> <span class='ocrx_word' id='word_1_377' title='bbox 478 4105 539 4151; x_wconf 69' lang='lat' dir='ltr'>(luis</span> <span class='ocrx_word' id='word_1_378' title='bbox 550 4105 618 4152; x_wconf 85' lang='lat' dir='ltr'>enim</span> <span class='ocrx_word' id='word_1_379' title='bbox 630 4119 680 4152; x_wconf 93' lang='lat' dir='ltr'>non</span> <span class='ocrx_word' id='word_1_380' title='bbox 692 4107 757 4153; x_wconf 80' lang='lat' dir='ltr'>saber</span> <span class='ocrx_word' id='word_1_381' title='bbox 770 4103 819 4154; x_wconf 67' lang='lat' dir='ltr'>&amp;a</span> <span class='ocrx_word' id='word_1_382' title='bbox 895 4115 906 4148; x_wconf 76' lang='grc' dir='ltr'><strong>Ρ</strong></span> <span class='ocrx_word' id='word_1_383' title='bbox 924 4125 968 4158; x_wconf 80' lang='lat' dir='ltr'>om.</span> <span class='ocrx_word' id='word_1_384' title='bbox 978 4108 1020 4159; x_wconf 75' lang='lat' dir='ltr'>tid.</span> <span class='ocrx_word' id='word_1_385' title='bbox 1094 4115 1106 4152; x_wconf 82' lang='lat'>‘¹</span> <span class='ocrx_word' id='word_1_386' title='bbox 1125 4109 1231 4170; x_wconf 76' lang='lat' dir='ltr'>petimus</span> 
     </span>
     <span class='ocr_line' id='line_1_45' title="bbox 195 4166 748 4234; baseline 0.013 -23"><span class='ocrx_word' id='word_1_387' title='bbox 195 4166 258 4212; x_wconf 75' lang='lat' dir='ltr'>Jens.</span> <span class='ocrx_word' id='word_1_388' title='bbox 324 4174 333 4196; x_wconf 74' lang='lat'><em>¹</em></span> <span class='ocrx_word' id='word_1_389' title='bbox 352 4169 512 4218; x_wconf 80' lang='lat' dir='ltr'>deliberamus</span> <span class='ocrx_word' id='word_1_390' title='bbox 524 4171 704 4234; x_wconf 80' lang='lat' dir='ltr'>cogitamusque</span> <span class='ocrx_word' id='word_1_391' title='bbox 717 4171 748 4220; x_wconf 76' lang='lat' dir='ltr'>id,</span> 
     </span>
    </p>
   </div>
   <div class='ocr_carea' id='block_1_5' title="bbox 240 4265 811 4340">
    <p class='ocr_par' dir='ltr' id='par_1_8' title="bbox 240 4265 811 4340">
     <span class='ocr_line' id='line_1_46' title="bbox 240 4265 811 4340; baseline 0.004 -26"><span class='ocrx_word' id='word_1_392' title='bbox 240 4265 330 4315; x_wconf 72' lang='lat' dir='ltr'>vot.</span> <span class='ocrx_word' id='word_1_393' title='bbox 343 4269 370 4313; x_wconf 86' lang='lat'>1.</span> <span class='ocrx_word' id='word_1_394' title='bbox 756 4271 811 4340; x_wconf 56' lang='grc' dir='ltr'>(ὃς</span> 
     </span>
    </p>
   </div>
   <div class='ocr_carea' id='block_1_6' title="bbox 0 0 1474 4910">
    <p class='ocr_par' dir='ltr' id='par_1_9' title="bbox 0 0 1474 4910">
     <span class='ocr_line' id='line_1_47' title="bbox 0 0 1474 4910; baseline 0 0"><span class='ocrx_word' id='word_1_395' title='bbox 0 0 1474 4910; x_wconf 95' lang='lat' dir='ltr'> </span> 
     </span>
    </p>
   </div>
  </div>
 </body>
</html>
