3024 4912
406 407 575 471 INSTIT.
596 407 801 470 ORATOR.
820 407 905 468 LIB.
925 405 979 467 IV.
993 419 1023 466 ¹1.
1172 407 1230 468 aar

152 581 334 661 50nem*;
357 574 446 662 quod
462 573 591 640 schema
612 572 752 655 πρόληψις
766 570 896 637 dicitur.
941 570 980 635 Id
1005 590 1079 635 curn
1103 568 1237 636 neutile

207 661 391 749 aliquande,
402 681 487 724 nunc
502 681 520 730 a
534 657 803 724 declamatoribus
818 655 1005 805 pnibusdam
1021 677 1102 742 pene
1116 656 1239 742 semper

179 769 183 784 ·
208 747 383 826 assumitur,
404 745 461 832 qni
486 743 534 808 fas
558 765 623 806 non
645 755 771 828 putant,
786 742 842 806 nit
865 742 1062 806 econtrario
1086 741 1236 826 incipere

208 834 355 918 Negant,
370 829 602 916 Apollodorum
623 827 733 905 secuti,
749 840 834 891 trear
855 827 915 891 esse
941 826 994 911 (de
1015 826 1130 912 quibus
1152 825 1238 890 diri..

209 921 296 998 mus)
313 914 509 1002 praeparandi
526 912 646 999 judicis
668 926 793 998 partes:
816 911 870 976 sed
893 912 1008 976 multas
1023 912 1142 1000 species
1156 931 1236 976 enu-

210 1015 346 1081 merant,
359 1014 396 1065 ut
406 1024 441 1062 ex
456 999 581 1063 moribus
588 997 712 1082 judicis,
724 1022 760 1062 er
772 996 951 1086 opinionibus
965 997 1008 1060 ud
1018 999 1145 1083 rairffem
1155 1009 1241 1062 extra

206 1086 435 1175 pertinentibus,
451 1109 486 1146 ex
501 1083 632 1172 opinione
646 1084 682 1146 de
696 1083 759 1169 ipse
774 1083 883 1168 carrffir,
899 1105 972 1169 quae
989 1081 1061 1144 sunt
1075 1103 1173 1168 prope
1188 1083 1240 1146 in·

211 1171 334 1248 finitae:
363 1185 434 1234 tum
450 1170 502 1248 iis,
517 1191 556 1233 ex
577 1168 695 1254 quibus
717 1188 830 1231 omnes
851 1168 1066 1232 controversrae
1088 1169 1241 1248 constant,

209 1256 352 1342 personis,
365 1254 477 1341 fallis,
501 1254 600 1332 diuis,
618 1251 731 1339 eoziffis,
758 1253 944 1339 temporibus,
960 1251 1039 1329 locis,
1054 1251 1243 1336 oecrfionibns

159 1355 198 1427 51
215 1341 326 1405 ceteris.
371 1341 463 1404 Quae
486 1361 575 1403 veras
601 1338 660 1401 effe
683 1337 813 1414 fateor³,
829 1337 883 1401 sed
905 1337 939 1400 in
960 1336 1030 1399 haec
1051 1336 1112 1400 tria
1169 1359 1244 1402 nera

214 1425 366 1490 recidere.
411 1425 500 1488 Nam
529 1423 549 1485 fi
568 1423 700 1510 judicem
731 1421 911 1500 banniolum,
938 1431 1094 1500 attentum,
1145 1423 1244 1486 ocilem

215 1508 426 1595 habeo,‚qnid
451 1507 587 1593 amplius
609 1506 744 1572 debeam
770 1518 892 1592 optare,
915 1527 979 1570 non
1000 1507 1145 1592 reperio:
1169 1529 1245 1572 cum

217 1608 322 1659 metus
337 1593 412 1679 ipse,
428 1593 484 1679 qui
500 1593 638 1656 maxime
654 1590 851 1655 videturesse
873 1605 962 1655 extra
986 1591 1068 1674 hec,
1084 1605 1117 1656 et
1139 1605 1244 1656 atten-

162 1693 205 1765 52
218 1692 289 1744 tum
306 1678 451 1765 judicem
466 1675 572 1757 faciat,
587 1690 621 1742 ct
641 1677 681 1742 ab
695 1675 822 1740 adverso
843 1675 950 1740 favore
965 1676 1132 1742 deterreat.
1176 1679 1245 1743 Ve-

219 1787 289 1830 rum
305 1763 455 1850 quoniam
479 1763 600 1827 nonest
622 1761 694 1826 satis
716 1761 926 1825 demonstrare
952 1760 1156 1842 discentibua
1173 1787 1247 1850 quae

219 1850 280 1914 lint
295 1849 327 1912 in
349 1849 471 1912 ratione
493 1847 651 1934 prooemii,
666 1845 719 1910 sed
743 1845 914 1910 dicendum
938 1846 1047 1926 etiam,
1062 1870 1128 1932 quo
1149 1849 1248 1914 modo

220 1935 328 2021 perfici
345 1933 498 1997 facillime
512 1933 645 2018 poffiut:
672 1931 735 1995 hoc
757 1930 883 2018 adjicio,
899 1945 936 1996 ut
956 1932 1100 1996 dicturus
1122 1931 1248 1997 intuca-

221 2034 286 2100 tur,
305 2019 399 2105 Quid,
415 2020 498 2106 apud
516 2041 610 2104 quem,
632 2031 687 2104 pro
713 2041 781 2103 quo,
797 2029 898 2081 contra
924 2041 1019 2104 quem,
1035 2041 1090 2102 quo
1116 2029 1249 2106 tempore,
1352 2059 1364 2070 ·

222 2129 278 2192 quo
303 2105 372 2183 loco,
389 2128 443 2190 quo
469 2127 566 2166 rerum
580 2101 679 2188 flatu,
695 2125 755 2188 quo
779 2101 867 2189 vulgi
876 2102 971 2188 fama
992 2102 1163 2166 dicendum·
1185 2103 1248 2167 fit?

226 2191 311 2276 Quid
320 2191 452 2277 judicem
467 2188 582 2274 sentire
606 2186 744 2251 credibile
765 2187 813 2267 fit,
840 2202 1011 2274 antequam
1039 2187 1249 2274 incipiamus?

222 2288 308 2353 tum,
337 2275 422 2360 Quid
442 2287 495 2337 aot
520 2271 720 2358 defideremus,
740 2285 795 2336 aut
820 2273 1035 2360 deprecemur?
1067 2273 1134 2359 Ipsa
1157 2273 1253 2338 illum

169 2381 209 2448 53
224 2374 337 2424 natura
350 2381 390 2423 eo
404 2358 513 2436 ducet,
528 2373 565 2420 ut
579 2357 667 2436 sciat,
681 2356 760 2455 quid
773 2357 913 2443 primum
929 2357 1101 2422 dicendum
1117 2359 1164 2424 fit.
1208 2361 1255 2424 At

225 2467 311 2510 nunc
335 2465 444 2520 omne,
470 2441 560 2529 qnod
581 2455 746 2526 coepennt,
775 2441 966 2526 prooemium
993 2455 1119 2529 putant,
1143 2457 1187 2522 et,
1216 2453 1255 2508 ut

226 2529 306 2616 quid
331 2549 371 2592 ue
392 2527 592 2604 succurrerit,
607 2527 721 2612 utique
743 2525 762 2588 fi
785 2525 892 2612 aliqua
912 2527 1067 2592 sententia
1081 2527 1255 2608 blanditur,

226 2553 407 2678 exordrum.
453 2610 561 2675 Multa
584 2623 692 2674 antem
723 2610 786 2674 fine
812 2610 930 2674 dubiot
954 2633 993 2676 ex
1017 2613 1087 2676 aliis
1111 2614 1256 2699 partibus
1295 2649 1302 2666 ι

227 2700 311 2776 sunt,
325 2709 381 2761 aut
394 2695 464 2760 aliis
478 2695 628 2782 ‘partibus
642 2692 754 2759 cauffae
773 2697 979 2760 communia:
1003 2697 1083 2760 nihil
1098 2713 1206 2762 tamen
1222 2698 1256 2762 in

229 2803 356 2868 quaque
377 2779 493 2844 melius
513 2779 642 2858 dicitur,
660 2801 755 2866 quam
778 2779 866 2866 quod
888 2804 914 2844 ae
939 2803 979 2845 ue
999 2781 1158 2846 benedici
1181 2783 1257 2847 alibi

175 2887 218 2953 54
231 2888 295 2930 non
316 2865 417 2952 poffit.
460 2863 605 2930 Multum
620 2863 732 2951 gratiae
747 2863 877 2929 exordio
898 2804 953 2944 eli,
968 2867 1056 2953 quod
1072 2867 1113 2930 ab
1132 2867 1258 2934 actione

230 2950 357 3015 diversa
371 2949 470 3037 partis
485 2949 649 3013 materiam
665 2948 783 3028 trabit3
806 2947 871 3014 hoc
884 2949 961 3036 ipso,
976 2950 1065 3038 quod
1079 2971 1146 3015 -non
1166 2973 1258 3018 cotn-

230 3037 367 3126 pofitum
383 3033 484 3112 domi,
499 3032 553 3097 sed
574 3033 619 3098 ibi
640 3045 737 3130 atque
758 3055 829 3098 ere
844 3047 966 3116 natum,
982 3048 1015 3100 et
1036 3035 1190 3103 facilitate
1210 3039 1260 3102 fa·
1320 3031 1327 3058 ⁶

231 3142 319 3186 mam
332 3119 455 3208 ingenii
470 3131 581 3204 auget,
596 3130 630 3182 et
641 3117 722 3182 facie
736 3117 884 3206 implicit
898 3119 1059 3206 sumtique
1073 3145 1091 3186 e
1136 3123 1261 3189 roximo

231 3205 383 3272 sermonis
405 3204 498 3270 fidem
521 3225 650 3290 quoquc
664 3202 822 3290 acquirit:
847 3204 927 3270 adeo
941 3219 990 3285 ut,
1006 3146 1263 3296 etiamlireliqua

232 3290 345 3376 scripta
366 3301 463 3376 atque
487 3289 647 3353 elaborata
671 3289 741 3368 srnt,
768 3301 876 3354 tamen
900 3291 1090 3379 plerumque
1119 3293 1263 3360 videatur

233 3387 303 3439 tota
315 3372 538 3459 extemporalis
558 3373 671 3454 oratio,
687 3373 778 3460 cuj'us
799 3374 929 3440 initium
951 3375 1031 3440 nihil
1054 3393 1263 3466 praeparatum

179 3481 221 3548 55
233 3459 376 3524 habuiffe
391 3457 588 3522 manifestum
603 3458 658 3524 est.
702 3459 959 3544 Frequentissime
978 3483 1052 3525 vero
1073 3465 1263 3549 prooemium

237 3544 365 3610 decebit
392 3556 427 3608 et
450 3543 688 3622 sententiarum,
714 3557 749 3608 et
776 3545 1023 3630 compositionis,
1051 3561 1083 3611 et
1107 3550 1206 3628 vocis,
1231 3561 1266 3614 et

236 3629 345 3697 vultus
359 3627 531 3692 modestia:
554 3627 635 3692 adeo
648 3627 733 3708 utin
748 3649 867 3714 genere
887 3630 1007 3710 caussae,
1023 3631 1119 3696 etiam
1135 3634 1265 3698 indubi-

236 3713 340 3794 tabili,
356 3711 473 3778 fiducia
486 3712 517 3776 se
530 3712 595 3811 ipsa
609 3711 744 3777 nimium
759 3725 907 3778 exerereu
929 3735 993 3780 non
1015 3716 1141 3782 debeat.
1186 3719 1267 3801 Odit

238 3800 324 3863 enim
332 3798 437 3898 judex
452 3796 518 3862 fere
531 3797 688 3884 litigantis
701 3797 898 3862 securitatem
915 3825 923 3863 ε
947 3823 1087 3892 cumque
1105 3802 1266 3890 jussuum

184 3898 226 3979 56
239 3883 410 3970 intelligat,
427 3882 544 3946 tacitus
557 3881 763 3947 reverentiam
779 3883 924 3974 postulat.
968 3875 1039 3950 Nee
1061 3888 1193 3954 minue*
1216 3890 1267 3952 di·

238 3968 388 4056 ligenter,
407 3989 448 4032 ne
469 3966 600 4055 suspeui
622 3967 717 4032 fimus
737 3967 794 4032 illa
814 3983 914 4055 parte,
931 3969 1117 4037 vitandum:
1141 3989 1269 4060 propter

274 4203 290 4237 ⁸
310 4207 403 4253 Videtur
414 4207 530 4270 desiderari
539 4207 585 4267 liic,
594 4219 652 4257 certe
661 4207 759 4272 intelligi
767 4209 838 4270 debet,
849 4211 902 4260 eise.
973 4221 983 4250 ¹
1000 4213 1041 4262 tris
1051 4213 1082 4264 G.
1154 4225 1164 4255 ⁸
1180 4226 1231 4261 reor
1239 4211 1269 4262 G.

243 4271 348 4335 ‘acinfi
361 4272 392 4319 G.
460 4275 641 4324 'exercerem
708 4277 822 4326 ¹mitiur
832 4278 863 4326 G.
875 4275 940 4326 male.
