3000 4908
168 871 208 934 &8

171 1401 210 1488 .¹9

437 349 819 424 Nsr'rnonarcn.
842 345 923 420 arn.
940 361 983 421 r.
1002 343 1047 420 η.
1156 317 1161 326 “
1193 380 1250 438 ,ιι

222 514 300 592 ¹olim
322 525 385 590 'am
409 526 449 590 ab
475 525 530 590 illa
550 547 623 590 vera
644 523 784 614 imagipe
808 523 918 588 orandi
938 523 1137 604 recesserunt,
1153 516 1250 673 attp'm
1293 573 1297 584 .

113 683 118 702 Ι
221 613 263 676 ad
282 611 314 675 so
328 633 379 675 am
398 611 579 696 composrtae
601 609 808 709 voluptatem,
825 609 928 674 nervis
950 621 1077 673 carent:
1100 611 1252 768 nonng

220 697 349 762 medius
373 697 464 761 fidius
489 695 568 761 vitio
592 697 781 774 dicentium,
809 717 905 780 quam
929 717 994 780 quo
1016 695 1119 759 manci
1144 694 1212 760 loru

221 783 436 868 negotiatores
458 780 568 846 sormae
612 803 773 859 aerarum,
802 779 951 844 virilitate
979 779 1093 859 excisa,
1122 717 1247 844 lenoci-

223 879 349 931 nantur.
392 868 494 946 Nam,
513 875 563 931 υτ
579 803 626 930 illi
640 867 737 930 robur
750 887 787 930 ac
801 864 948 940 lacertoS,
963 865 1159 954 barbamque
1173 878 1248 940 ante

221 951 341 1030 omnia,
356 965 390 1016 et
404 953 477 1030 alin,
491 973 564 1037 quae
578 963 690 1015 natura
703 950 849 1036 propria⁸
865 950 1006 1014 maribus
1021 949 1121 1029 dedit,
1136 972 1250 1037 parum

221 1037 400 1100 existimant
413 1037 542 1102 decora:
559 1057 696 1124 quaeque
710 1035 845 1114 fortia,sr
863 1034 985 1113 liceret,
1001 1034 1117 1114 forent,
1133 1049 1172 1099 ut
1185 1035 1248 1098 du·

222 1122 448 1187 ramolliunt:
484 1123 530 1186 ita
557 1143 616 1186 nos
637 1121 784 1185 habitum
814 1119 916 1269 ipsum
939 1120 1090 1183 orationis
1111 1119 1248 1200 virilem,

213 1218 256 1270 'et
279 1206 367 1272 illam
390 1208 455 1272 vim
481 1207 582 1272 stritle
603 1207 792 1292 robusteque
839 1204 955 1284 icendi,
978 1217 1095 1268 tenera
1110 1205 1250 1293 quadam

221 1291 411 1356 elocutionis
433 1305 507 1356 cute
528 1293 710 1378 operimus:
733 1303 777 1369 et,
794 1289 872 1354 dum
894 1290 975 1354 levia
997 1289 1055 1354 smt
1074 1311 1111 1353 ac
1135 1290 1248 1369 nitida,

223 1389 378 1464 quantum
401 1378 537 1452 valeant,
554 1377 637 1440 nihil
658 1374 800 1440 intereffe
822 1375 1025 1439 arbitramur.
1069 1375 1133 1440 Sed
1155 1375 1248 1455 mihi,
1283 1427 1287 1438 ,
1363 1450 1365 1458 ¹

171 1515 172 1523 ,
223 1459 367 1526 naturam
393 1462 532 1526 intuenti
544 1472 566 1540 ²,
592 1486 672 1525 acmo
694 1474 755 1524 'aaa
779 1461 830 1524 vir
845 1461 1148 1546 spadonesormastor
1173 1461 1249 1524 em't:

224 1559 364 1610 nectam
380 1547 484 1611 aversa
497 1569 650 1632 umquam
667 1545 826 1610 videbitur
839 1548 879 1609 ab
895 1567 989 1631 opere
1004 1547 1059 1610 suo
1080 1544 1249 1630 providen-

223 1631 281 1712 tia,
295 1645 333 1696 ut
346 1632 494 1698 debilitas
507 1631 590 1696 inter
603 1631 725 1718 optima
738 1630 867 1695 inventa
881 1631 916 1694 srt
930 1657 937 1693 :
962 1651 1020 1693 nec
1036 1630 1069 1694 id
1083 1630 1166 1694 ferro
1179 1630 1250 1718 spe-

141 1799 143 1802 ·
224 1717 345 1780 ciosum
366 1717 434 1782 fieri
458 1717 589 1804 putabo,
605 1716 704 1802 quod,
727 1716 747 1778 fi
772 1715 959 1794 nasceretur,
975 1717 1148 1780 monstrum
1169 1729 1265 1781 erat.-

224 1801 410 1866 Libidinem
432 1803 525 1889 juvet
551 1801 652 1888 ipsum
680 1801 875 1866 effeminatil
910 1801 1002 1866 sexus
1032 1800 1250 1882 mendacium,
1351 1811 1354 1816 '

223 1903 404 1974 numquam
426 1902 531 1952 tamen
557 1887 621 1952 hoc
644 1887 813 1973 continget
833 1884 926 1950 malis
942 1883 1086 1950 moribus
1101 1907 1250 1974 regnum,

172 1995 214 2046 20
225 1984 272 2050 ut,
294 1973 312 2035 sr
341 1995 405 2059 qua
426 1971 558 2060 pretiosa
579 1971 668 2052 fecit,
695 1971 827 2036 secerit¹
851 1983 885 2036 et
910 1973 1004 2036 bona.
1049 1973 1252 2058 Quapropter

172 2419 210 2470 21

224 2057 455 2144 eloquentiam,
471 2057 548 2122 licet
563 2057 666 2121 hanc²
687 2061 737 2142 (ut
745 2056 851 2122 'sentio
865 2057 951 2120 enim
971 2055 1076 2120 dicam
1086 2058 1112 2137 ⁸)
1137 2055 1251 2122 libidi-

222 2143 332 2206 nosam
355 2143 497 2230 resupina
519 2143 683 2230 voluptate
705 2142 862 2207 auditoria
875 2143 1032 2290 probent,
1048 2141 1170 2206 nullam
1191 2141 1253 2207 esse

224 2227 420 2308 existimabo,
446 2250 589 2317 quae'ne
615 2226 788 2292 minimum
818 2227 948 2313 quiem
978 2227 1012 2292 in
1041 2226 1072 2292 se
1093 2226 1252 2296 indicium

222 2313 391 2378 masculini
416 2328 450 2378 et
473 2313 659 2400 incorrupti,
682 2333 723 2378 ne
746 2313 851 2378 dicam
873 2311 977 2402 gravis
1002 2323 1036 2375 et
1058 2312 1156 2377 santii
1180 2311 1252 2393 viri,

225 2397 378 2462 ostendet.
407 2398 484 2462 Anb
499 2419 573 2462 vero
588 2399 756 2462 statuarum
771 2398 917 2476 artificeS,
932 2397 1130 2484 pictoresque
1144 2397 1252 2462 claris·

226 2481 305 2561 fimi,
321 2505 398 2546 cum
420 2505 551 2570 corpora
571 2505 668 2568 quam
690 2483 921 2568 speciosissimac
943 2481 1094 2568 fingendo
1113 2481 1252 2630 pingen-

191 2583 199 2622 t
226 2565 308 2632 dove
323 2567 470 2633 efficeret
492 2581 656 2653 cuperent,
671 2589 748 2631 num
773 2579 868 2631 uam⁶
890 2566 924 2630 in
946 2567 1035 2631 hunc
1049 2565 1113 2631 inci
1136 2566 1254 2631 erunt‘

225 2672 376 2733 errorem,
390 2666 426 2718 ut
442 2655 579 2741 Bagoam
593 2665 649 2717 aut
660 2591 865 2740 Magalyzum
879 2653 1007 2740 aliquem
1020 2651 1053 2716 in
1068 2651 1254 2740 exemplum

224 2857 227 2864 ·
258 2841 377 2903 ⁵proprie
387 2843 419 2890 G.
463 2835 467 2844 '
508 2842 692 2890 tintuerisens.
773 2849 785 2872 ¹¹
804 2841 1013 2892 effeminatorum.
1103 2843 1198 2906 *seren
1219 2842 1252 2894 G.

226 2905 302 2952 zhac
313 2907 344 2954 G.
409 2907 621 2955 ‘dicamuslens
686 2907 790 2954 antid.
856 2906 1048 2970 tspeciosissime
1060 2905 1090 2953 id.
1156 2905 1167 2938 ‘¹
1224 2908 1253 2956 n.

225 2983 280 3030 gere
290 2969 320 3018 r'd.
386 2977 396 3002 ²
415 2985 534 3042 nmquam
546 2972 576 3019 G.
594 2981 677 3020 tamen
688 2971 727 3035 ὑφ’.
738 2971 802 3020 Jens.
867 2968 877 3002 f
890 2971 1026 3018 'inciderent
1036 2971 1068 3019 G.

178 3157 198 3198 ,¹
226 3146 251 3187 et
271 3135 462 3187 auctoritatibus
478 3135 530 3202 jam
549 3137 574 3188 in
593 3135 715 3188 Fabriano
764 3137 859 3188 cionem
871 3137 938 3189 venit
955 3135 1069 3198 eruditis,
1082 3153 1106 3186 v.
1119 3154 1148 3206 g.
1165 3119 1252 3190 Frein-

225 3197 366 3266 'Thesaurm
383 3205 467 3276 Lipsro
487 3205 649 3276 Salmasroque
668 3206 715 3256 dn·
763 3205 854 3258 slrernio
866 3207 892 3256 in
910 3205 967 3260 Ind.
986 3205 1066 3275 ipsum
1084 3203 1147 3258 forte
1162 3221 1251 3260 nomen

228 3277 310 3338 cibus,
322 3275 440 3327 ostensum
451 3274 493 3326 est.
522 3277 555 3326 Et
572 3289 652 3327 tamen
664 3294 715 3327 coe-
764 3273 898 3344 fignificat-e
918 3275 1057 3327 castratum.
1082 3276 1180 3328 Firmat
1195 3294 1250 3330 eam

229 3345 303 3394 curiit
316 3347 460 3396 Harduinus
472 3345 498 3396 in
508 3344 584 3398 Plinii
596 3345 660 3406 loco,
671 3346 715 3414 qni
764 3344 818 3396 loco
836 3343 921 3404 Plinii,
934 3345 977 3414 qni
998 3363 1039 3408 13,
1051 3362 1078 3408 4.
1092 3345 1110 3396 s.
1126 3347 1152 3412 9.
1164 3346 1195 3398 de
1206 3365 1250 3414 ge·
1336 3341 1342 3348 ’

226 3413 267 3463 vel
278 3429 343 3464 unus
357 3416 381 3465 in
398 3417 463 3466 viam
481 3429 591 3466 revocare
609 3415 716 3466 debebat
763 3431 819 3466 nere
839 3413 986 3483 palmarum,
1006 3413 1134 3484 Babylone,
1158 3417 1251 3486 inquit,

222 3479 288 3534 'olim
305 3495 420 3534 errantes.
451 3485 490 3535 De
510 3483 600 3534 locusta
620 3485 715 3536 marina
764 3494 832 3536 narae
842 3500 888 3534 unc
900 3483 925 3534 in
943 3482 1009 3535 harto
1026 3483 1121 3552 Bagam,
1131 3484 1169 3536 ita
1185 3484 1250 3537 enim

224 3552 283 3620 'agit
294 3549 339 3602 live
350 3553 439 3604 carabo
451 3573 477 3620 9,
492 3568 533 3616 30.
547 3553 563 3603 s.
581 3571 623 3618 50.
642 3554 715 3622 eique
762 3562 856 3604 vocant
858 3551 987 3624 spadones,
998 3552 1040 3622 qui
1051 3554 1119 3622 apud
1127 3570 1165 3604 eos
1174 3554 1250 3606 etiam

223 3621 319 3672 'tribuit
342 3639 442 3682 cornua,
464 3639 517 3702 quae
533 3625 595 3692 sunt
612 3621 716 3690 propria
763 3639 913 3690 regnavere.
941 3623 1133 3694 QidBurtono
1153 3626 1185 3675 ac‘
1198 3624 1251 3676 Re-

224 3689 378 3742 'rotunditate
392 3692 537 3760 praeptlata,
559 3703 587 3743 ut
605 3692 715 3744 cochlea·
764 3691 836 3744 lando
854 3709 882 3742 ea
902 3691 932 3743 de
951 3709 976 3744 re
993 3691 1113 3753 videatur,
1131 3692 1251 3744 beneficio

230 3777 285 3810 rum
305 3760 395 3813 scillcet
416 3761 564 3830 vulgarium.
596 3762 664 3832 Quid
684 3761 715 3812 ad
765 3761 805 3813 Cl.
829 3760 929 3813 Seelenii
952 3759 1065 3831 cognosci
1085 3759 1155 3813 simul
1174 3762 1251 3832 potest

222 3827 282 3880 'haec
300 3831 464 3882 llarduinus?
483 3832 656 3908 interpretatur
672 3829 716 3882 Pi·
765 3831 791 3882 in
802 3829 869 3882 illins
881 3829 986 3888 λειψάνοις
1004 3829 1096 3898 linguae
1113 3841 1163 3883 ret.
1175 3829 1249 3950 APers.
1307 3861 1311 3882 ι

228 3896 306 3950 sorum
322 3899 407 3970 instar,
418 3899 479 3967 five
489 3897 609 3969 hastilium
619 3899 646 3952 in
663 3917 716 3951 mu·
765 3900 791 3951 h.
806 3917 829 3952 v.
842 3917 901 3970 pag.
916 3915 959 3949 22.
978 3902 1017 3952 De
1028 3898 1165 3969 Megabyza
1186 3901 1251 3964 ,iser-

228 3983 323 4018 crcnem
333 3979 418 4022 acuta.
644 4025 646 4030 ,
766 3981 790 4022 te
802 3971 945 4029 Strabo.r4.
961 3987 987 4037 p.
1002 3989 1015 4037 9
1021 3987 1063 4034 50·
1075 3985 1100 4020 a.
1119 3971 1144 4021 in
1162 3969 1251 4039 Ephesi

265 4053 309 4087 21.
335 4037 445 4108 Bagoam
467 4047 512 4090 aut
535 4037 714 4107 Megabyzum]
765 4037 1024 4108 descriptione,“1rg÷'ar
1042 4035 1061 4084 θ’
1078 4037 1167 4102 unixae
1184 4039 1250 4104 ιῖχοι,

204 4099 209 4110 ’
229 4103 268 4158 De
286 4105 325 4156 Ba
342 4124 373 4158 oa
391 4125 429 4160 rea
446 4119 506 4158 nota
517 4106 555 4158 vel
567 4125 597 4158 ex
615 4108 715 4171 Curtio,
766 4105 1055 4170 ὓςίκάλυνμιγαλοξύζυς.
1072 4107 1112 4158 De
1128 4105 1167 4156 his
1186 4107 1252 4160 aliis.

221 4171 306 4225 ‘nobili
325 4193 388 4230 rmoa
409 4175 558 4229 Perficorum
580 4177 716 4229 Eunuchos
766 4193 814 4244 que
826 4175 974 4244 Megabyzis
991 4173 1010 4226 s.
1023 4173 1197 4244 Megalobyzis
1208 4195 1251 4229 co-

224 4241 276 4297 lroc
287 4245 384 4300 aornim
401 4243 479 4300 fuisse.
510 4246 584 4300 Unde
600 4247 627 4299 iu
640 4244 716 4320 suspi·
765 4245 831 4314 piose
842 4243 930 4298 Burm.
939 4243 971 4297 ad
982 4243 1008 4298 lr.
1017 4243 1036 4297 l.
1048 4243 1193 4300 Dininaius
1206 4246 1252 4302 all·

780 4333 843 4397 ¹¹4
