2870 4916
269 355 307 420 sb
482 387 485 394 ·
506 357 551 419 M.
574 355 697 420 rann
719 351 1063 416 ouruc'rrtrnm

269 522 418 610 planels)
444 543 521 587 mox
535 521 617 586 illud
630 519 886 610 comparabimus
906 515 1098 586 commodis.
1141 517 1216 586 Nee
1235 519 1306 607 ego

267 623 377 674 tamen
393 630 433 673 eo
447 609 532 672 mitti
547 628 681 695 puerum
696 607 782 686 volo,
797 605 853 670 ubi
869 605 1062 693 negligatur.
1107 603 1173 676 Sed
1194 625 1307 691 neque

268 707 444 780 praeceptor
458 696 561 758 bonus
575 692 696 780 majore
716 693 747 757 se
768 693 873 770 turba,
911 713 986 756 uam
1006 704 1045 756 ut
1064 689 1307 755 sustinereearn
1423 739 1424 754 ,

177 784 182 790 “
269 778 372 867 pellit,
387 779 563 844 oneraverit
578 803 586 842 ε
610 792 643 843 et
660 779 697 841 ⁴in
719 778 830 878 primis
844 715 1051 842 salrabenda
1064 797 1140 840 cura
1153 777 1208 855 est,
1222 788 1262 840 ut
1275 775 1309 840 is
1423 803 1424 832 1

268 865 359 928 omni
374 863 470 928 modo
485 865 540 928 fiat
551 865 643 928 nobis
657 863 851 927 familiariter
864 863 1007 927 amicus:
1030 882 1090 926 nee
1110 860 1255 926 officium
1270 860 1307 924 in

201 941 207 966 ¹
271 949 419 1014 docendo
438 947 566 1036 spetlet,
590 949 643 1013 sed
667 949 836 1013 ausuum:
861 947 906 1012 ita
930 967 1108 1033 numquam
1130 945 1254 1010 erimus
1268 947 1306 1012 in

268 1035 375 1099 turba.
412 1037 484 1100 Nec
498 1037 569 1100 sane
583 1034 761 1122 quisquam,
776 1033 877 1098 literis
891 1028 1000 1098 saltem
1015 1033 1129 1098 leviter
1142 1033 1305 1112 imbutus,
1321 1031 1365 1095 16

270 1119 359 1200 elim,
375 1120 408 1184 in
422 1141 487 1207 quo
503 1120 637 1188 {ludium
651 1119 881 1207 ingeniumque
899 1119 1100 1206 perspexerit,
1116 1139 1181 1182 non
1198 1118 1234 1182 in
1248 1117 1305 1184 su·
1423 1133 1424 1142 ’

168 1244 254 1256 —--
268 1225 320 1268 am
335 1219 464 1292 quoque
479 1205 615 1292 gloriam
630 1203 832 1290 peculiariter
845 1203 977 1268 fovebit.
1009 1203 1072 1268 Sed
1086 1216 1124 1268 ut
1135 1203 1307 1290 fugiendae

269 1289 328 1354 sint
343 1311 468 1379 magnae
482 1291 609 1369 scholae,
628 1290 694 1371 (eui
709 1311 749 1352 ne
763 1289 827 1377 ipse
840 1289 972 1374 quidem
987 1290 1034 1353 rei
1048 1287 1208 1366 assentior,
1224 1289 1246 1352 fi
1262 1289 1309 1356 ad

268 1374 410 1461 aliquem
425 1377 538 1441 merito
565 1375 776 1450 concurritur)
793 1395 858 1438 non
872 1387 979 1440 tamen
1001 1373 1065 1438 hoc
1085 1397 1125 1438 eo
1149 1374 1251 1454 valet,
1266 1385 1308 1440 ut

269 1460 432 1547 fugiendae
448 1463 505 1526 smt
517 1461 652 1526 omnino
666 1459 805 1524 scholae:
829 1459 917 1524 aliud
939 1461 982 1524 est
1003 1459 1089 1524 enirn
1109 1458 1211 1524 vitare
1236 1479 1305 1540 eas,
1423 1527 1424 1538 2

269 1545 358 1610 allud
378 1547 506 1647 eligere.
550 1549 593 1610 Et
617 1546 656 1608 sr¹
684 1544 892 1610 refutavimus
912 1567 987 1631 quae
1010 1544 1304 1626 contradicuntur,
1321 1555 1361 1622 17
1423 1557 1424 1620 l

260 1629 332 1717 jam
354 1633 559 1717 explicemus,
573 1631 653 1717 quid
674 1629 728 1716 ipsi
750 1630 927 1718 sequamur.
970 1631 1058 1696 Ante
1073 1629 1194 1710 emnia,
1209 1629 1303 1694 iutu-
1320 1627 1360 1690 18
1423 1623 1424 1690 l

267 1734 322 1779 rus
336 1731 452 1796 orator,
468 1717 521 1780 cui
541 1717 574 1778 in
589 1716 729 1780 maxima
746 1715 931 1782 celebritate
945 1727 976 1780 et
992 1715 1025 1780 in
1048 1715 1155 1780 media
1175 1715 1303 1801 reipub.
1423 1709 1424 1742 ³

180 1867 184 1872 ,
266 1799 341 1864 luce
354 1801 523 1866 vivendum
538 1801 592 1878 eu,
608 1799 754 1864 assuescat
766 1801 836 1888 jam
850 1823 869 1864 a
883 1813 995 1883 tenero
1009 1819 1073 1864 non
1094 1799 1305 1866 reformidare

267 1884 426 1967 homines,
443 1907 546 1973 neque
560 1886 617 1950 illa
629 1883 764 1949 solitaria
778 1899 812 1949 et
834 1885 942 1950 tvelut
954 1867 1118 1952 umbraiili
1141 1887 1208 1950 vita
1231 1886 1304 1972 pal-

56 1975 166 2072 sumac
257 1969 393 2054 deicere.
437 1972 611 2035 Exeitanda
630 1991 721 2034 mens
735 1984 770 2034 et
782 1969 958 2036 attollenda
971 1971 1034 2035 sem
1077 1971 1161 2050 rest,
1176 1993 1254 2056 quae
1269 1971 1306 2036 in

147 2055 449 2142 q--hujusmodi
465 2056 661 2120 secretis‘aut
675 2055 862 2142 languescit,
877 2069 911 2120 et
925 2077 1021 2156 quem
1046 2078 1097 2120 am
1118 2075 1252 2123 venua*
1268 2056 1304 2123 in

266 2161 369 2226 opaco
384 2144 475 2206 situm
491 2141 602 2206 ducit:
626 2153 682 2204 aut
696 2155 807 2205 contra
820 2141 968 2206 tumescit
981 2141 1068 2206 inani
1082 2141 1302 2227 persuasione3

271 2245 437 2291 Necesse
450 2227 491 2291 eil
502 2225 589 2289 enim
605 2225 658 2290 fibi
674 2225 810 2290 nimium
819 2226 949 2307 tribuat,
961 2225 1017 2315 qui
1029 2227 1060 2292 se
1075 2227 1199 2292 nemini
1208 2249 1304 2292 com-

504 2433 513 2461 Ι
531 2427 619 2488 Quidfi
628 2427 723 2491 legamus
734 2427 784 2476 fic?
850 2429 859 2460 ⁸
877 2441 906 2477 ac
924 2427 1029 2478 umbrat.
1038 2429 1071 2479 G.

307 2609 350 2660 16.
377 2603 416 2659 cui
432 2601 619 2674 ne—afflntior]
639 2605 694 2657 ie.
707 2623 757 2658 non
805 2605 885 2684 lioqui
907 2617 1037 2676 poetarum
1060 2605 1191 2680 sospitator
1218 2611 1304 2666 Hein-

268 2675 350 2750 placet
361 2677 432 2736 mihi,
444 2675 574 2746 fugiendas
593 2673 636 2727 esse
653 2691 756 2743 magnas
804 2675 860 2736 stus,
871 2693 921 2727 uon
939 2677 1016 2729 ivisset
1032 2680 1191 2732 emendatum
1207 2683 1304 2734 Ovidi·

268 2764 354 2799 eorum
368 2743 470 2806 scholas,
483 2744 514 2800 ad
526 2757 590 2813 quos
599 2745 686 2796 merito
698 2761 756 2796 cun-
804 2761 848 2796 um
861 2745 926 2798 Met.
942 2763 967 2807 1,
982 2763 1051 2812 3743
1069 2760 1114 2802 aut
1126 2749 1304 2804 Claudianum

268 2817 353 2869 cursus
369 2814 441 2869 liant.
469 2815 503 2868 Et
521 2813 686 2868 sr‘concedam
710 2815 756 2866 eti·
805 2813 907 2866 Consul.
923 2815 1014 2885 Olybr.
1028 2835 1072 2878 21,
1089 2835 1123 2883 ²3
1148 2830 1175 2872 et
1189 2819 1303 2890 pallere,

269 2903 319 2948 aur,
332 2902 435 2954 magnas
446 2883 539 2953 scholas
551 2883 595 2944 esse
614 2882 755 2952 fugiendas,
805 2884 873 2954 quod
890 2885 982 2938 habent
1000 2887 1091 2956 optimi
1107 2888 1179 2950 libri,
1192 2891 1219 2942 iu
1238 2891 1303 2944 alte-

269 2968 353 3009 tamen
369 2972 419 3026 non
435 2953 552 3006 continuo
568 2952 715 3022 sequeretur,
727 2964 757 3006 ut
804 2971 861 3006 rum
864 2955 980 3024 squalere
991 2955 1113 3008 mutasset.
1140 2959 1244 3012 Laudat
1257 2959 1303 3012 illa

269 3041 353 3075 omnes
366 3022 700 3076 inuniversumdamnarem.
805 3021 858 3075 loca
870 3035 894 3075 et
906 3025 1076 3078 austeritatem
1097 3027 1192 3080 Heinfii
1205 3029 1238 3082 ad
1250 3031 1302 3082 Fa-

309 3098 350 3144 18.
372 3089 512 3163 pallescere]
537 3093 594 3143 Non
612 3093 756 3160 interpretor
804 3093 841 3143 bii
853 3091 924 3144 nostri
935 3093 1067 3147 declamat.
1089 3113 1171 3163 5,19.
1185 3117 1214 3168 p.
1236 3095 1301 3153 aaa.

270 3179 299 3214 ex
311 3165 437 3213 communi
456 3154 638 3230 significatione,
651 3177 700 3228 qua
717 3162 756 3212 di·
805 3161 973 3224 Burmarmus‚
993 3165 1039 3216 ubi
1052 3164 1173 3232 pallentes
1180 3166 1304 3237 sordibus

253 3233 350 3294 ¹elmur
359 3231 426 3282 nulla
434 3231 563 3300 pallescere
573 3229 659 3298 culpa:
673 3229 757 3282 sedre-
804 3247 892 3282 manus
920 3233 1059 3286 retinendas
1081 3235 1198 3303 equidem
1224 3251 1300 3307 puto.

261 3299 374 3356 ¹ilero=ad
390 3300 576 3352 reconditiorem
596 3297 756 3360 intelletum,
806 3301 847 3352 Ita
864 3299 983 3354 Sardinia
1005 3303 1069 3356 reste
1088 3303 1185 3371 pallere
1203 3306 1303 3360 dicitur

269 3389 321 3441 quo
341 3370 373 3422 ad
393 3369 474 3429 situm,
492 3381 516 3420 et
538 3369 720 3437 corruptionem
740 3387 756 3420 a
805 3370 871 3438 apud
890 3369 978 3422 Silium
997 3391 1039 3433 η,
1064 3391 1125 3438 373.
1155 3375 1228 3436 Quin
1249 3377 1259 3428 i
1278 3377 1303 3428 se

269 3441 362 3512 quiete,
378 3439 479 3490 humore
497 3437 605 3496 admisso,
618 3449 642 3488 et
659 3436 756 3488 excluso
802 3436 936 3505 inferorum
960 3441 1052 3510 pudor,
1073 3442 1104 3494 de
1133 3461 1186 3512 quo
1212 3461 1245 3515 pu
1275 3465 1302 3500 m
1337 3441 1341 3447 ‘

270 3527 323 3561 aere
340 3521 420 3560 ortam
438 3506 551 3566 refertur,
572 3523 646 3576 quem
665 3506 755 3558 docent
803 3519 893 3577 poetae,
912 3508 974 3561 saee
996 3511 1063 3564 idem
1083 3511 1208 3581 srgniiieat
1227 3517 1300 3586 qued

268 3579 400 3650 presertim
430 3577 464 3628 tei
493 3576 588 3628 rusticae
615 3577 754 3644 scriptores.
821 3579 916 3647 rinceps
928 3527 1027 3631 iliorum
1038 3581 1101 3634 dicit
1112 3585 1180 3636 AEn.
1193 3586 1223 3646 6,
1233 3588 1301 3649 4⁶2.

269 3652 350 3699 Vane
364 3666 388 3709 r,
401 3650 444 3709 67.
464 3644 584 3697 Pallidior
592 3644 755 3714 fitfirasve-
802 3595 855 3696 lica
864 3647 941 3716 ficara
954 3649 1015 3716 firu.
1045 3652 1138 3720 Itaque
1161 3654 1245 3706 Luca.
1274 3673 1301 3722 5,

260 3718 364 3838 'raptata
394 3717 463 3767 Loca
480 3713 578 3782 aliquot
600 3713 755 3778 Columellas,
805 3717 865 3768 628.
880 3717 1112 3784 (cujuslocumnon
1124 3722 1210 3776 minus
1221 3741 1303 3792 quum

267 3805 285 3840 u
306 3787 348 3840 iis
355 3784 473 3854 pallorem
484 3784 519 3836 ita
531 3783 631 3852 accipit,
641 3784 754 3835 dedimus
802 3783 908 3838 alterum
930 3787 985 3841 Silii
1007 3789 1093 3841 laudat
1115 3789 1302 3851 laudatissimus

268 3858 295 3908 in
306 3857 397 3908 Lexico
408 3854 442 3905 rei
452 3853 557 3915 rusticae,
566 3853 755 3920 etadjunximus
803 3859 971 3924 Burmannus)
994 3861 1113 3911 retineam
1130 3859 1239 3928 inferne
1257 3863 1303 3916 du.

269 3926 372 3978 Vitruv.
386 3926 412 3984 6,
424 3940 450 3986 γ.
470 3923 540 3974 Venti
549 3921 700 3990 infundentes
710 3919 754 3972 ba·
803 3938 856 3976 mus
862 3923 990 3991 pallorem,
1004 3930 1045 3980 cui
1054 3929 1197 3998 squalorem
1210 3932 1303 3986 substi-

268 3993 344 4044 midos
346 3991 459 4061 spiritur,
467 3991 561 4060 pallore
570 3990 699 4048 volumina
711 3991 755 4058 (de
803 3995 853 4042 tuit
865 3995 977 4048 Curtius.
1007 3999 1102 4050 Fabius
1120 4001 1180 4069 ipse,
1193 4003 1260 4070 quid
1269 4003 1302 4056 dt

269 4063 420 4114 bibliotheca
442 4061 566 4131 loquitur)
589 4069 753 4128 corrumpunt.
794 4061 1218 4138 -palksceremoxdiciuquemdam
1227 4071 1303 4126 velut

267 4129 752 4200 Reconditieremvocosrgnificatlonemz
802 4129 829 4183 ira
851 4139 922 4200 opaco
935 4133 1010 4203 fitilla
1024 4137 1100 4190 ducit.

269 4199 286 4254 st
301 4202 367 4254 enirn
382 4198 508 4272 cogitasset
518 4200 587 4253 illam
604 4215 710 4269 magnus
726 4215 755 4250 a·
