3000 4908
236 403 298 464 268
464 401 510 466 Μ.
531 397 655 464 rnen
677 399 1025 464 ummomtnut

231 567 379 650 meunt?
402 585 492 652 quaa,
508 581 543 632 et
556 568 676 656 quibua
696 585 736 631 ex
751 565 860 632 cautiia
881 565 1064 630 inimicitias
1084 563 1258 631 habento?

232 671 333 750 esque
347 650 379 714 in
395 652 537 716 oratione
551 652 750 740 predicenda
763 665 859 737 atque
873 649 1075 716 amoliendat
1098 653 1182 729 sunt,
1196 653 1258 716 five

231 733 308 799 odio
322 736 592 814 contemnetur,
607 737 667 801 five
687 736 818 815 invidia,
833 735 894 800 tire
910 733 1025 823 gratia,
1041 738 1102 800 five
1122 736 1259 822 pecunie

231 818 334 886 videri
346 819 504 886 volumus.
548 822 637 900 Euo
661 821 849 885 deficieturt
874 841 1009 885 numero
1031 841 1104 906 pars
1126 820 1258 900 diversa,

229 904 428 990 paucimtem
452 906 680 984 fi-abundabit,
695 906 956 994 conspirationem
980 906 1000 968 sr
1023 903 1161 970 humiles
1241 943 1257 960 ··

208 1007 212 1027 ¹
230 987 340 1069 ducet,
354 989 501 1054 vilitatem
513 1003 544 1068 '3
567 992 588 1056 fi
609 1002 766 1079 potentes,
778 992 913 1078 gratiam
926 991 1086 1077 oportebit
1099 988 1131 1054 in
1192 1009 1258 1058 ete.

231 1074 307 1138 Plus
331 1091 449 1140 tamen
463 1076 604 1164 proderit
627 1075 757 1176 cautas,
772 1088 900 1161 propter
919 1095 1105 1174 qnapureum
1126 1074 1256 1174 ludant,
1271 1098 1315 1164 24
1337 1074 1341 1082 '

229 1159 1259 1332 iiiiiiin{liniimnffl{thallif‘q'ifflilliiiiiii?

230 1327 322 1394 iimili
345 1329 467 1412 ratione
488 1329 666 1416 responderi
687 1329 769 1394 locis
789 1329 1017 1394 communibus
1037 1330 1158 1394 solove
1182 1330 1259 1418 quia

229 1421 283 1476 et‘
303 1413 338 1478 in
352 1415 461 1500 paucis
480 1429 577 1500 atque
590 1414 765 1480 humilibus
779 1413 941 1480 accusator
951 1411 1144 1500 fimplicitarr
1154 1415 1256 1500 glori-

229 1497 276 1562 ari
292 1500 401 1584 potest,
416 1500 503 1586 quod
525 1499 685 1564 neminem
700 1513 815 1588 praeter
835 1521 902 1577 eos,
918 1499 974 1586 qui
995 1497 1144 1584 poliuntu
1164 1498 1256 1579 scire,

227 1583 399 1668 quaefieritz
414 1597 457 1648 ¹et
470 1585 589 1649 multos
602 1598 699 1671 atque
714 1584 861 1664 honestos
874 1583 1099 1648 commendare
1111 1582 1258 1669 aliquan-

228 1680 265 1730 to
279 1668 322 1732 est
335 1667 472 1734 facilius.
518 1671 638 1734 Verum
661 1667 790 1733 interim
809 1680 843 1732 et
866 1667 1017 1756 singulos,
1033 1681 1070 1732 ut
1092 1689 1254 1750 exornare,
1269 1690 1309 1758 25

227 1750 273 1816 ita
287 1752 444 1818 destruom
457 1755 629 1842 cmrtingit,
646 1767 701 1818 aut
714 1753 855 1818 recitatis
867 1753 901 1818 in
921 1753 1057 1831 uitione,
1072 1766 1128 1818 aut
1148 1754 1255 1818 nomi-

228 1835 312 1902 natis
336 1837 478 1904 testibus.
523 1839 622 1905 Quod
647 1839 686 1904 iis
707 1838 918 1926 temporibus,
939 1837 1058 1924 quibus
1079 1837 1165 1902 testis
1190 1859 1260 1902 non

228 1921 305 1985 nisi*
364 1923 387 1986 st
401 1923 505 1988 finitas
519 1924 660 1988 sitiones
674 1923 857 2010 rogabatur,
871 1934 905 1988 et
918 1921 1043 1986 facilius
1057 1936 1091 1987 et
1105 1921 1257 2010 frequen·

227 2006 293 2071 tina
306 1944 380 2073 bit.
424 2009 514 2074 Quid
529 2024 637 2074 autern
651 2008 684 2072 in
699 2029 861 2107 quemque
874 2006 998 2071 testium
1019 2005 1192 2072 dicendum
1206 2009 1257 2087 tit,

227 2089 308 2156 lumi
322 2091 377 2156 niti
392 2115 432 2158 ex
447 2093 583 2178 ipsorum
598 2093 738 2181 personia
752 2113 817 2156 non
831 2093 942 2178 potest.
986 2090 1132 2179 Reliquus
1154 2092 1253 2156 iuter-
1268 2097 1310 2166 26

226 2176 360 2261 rogandi
375 2178 446 2241 sunt
459 2192 576 2266 partes.
621 2179 697 2244 Qua
711 2176 744 2241 in
766 2176 952 2261 reprimnm
973 2177 1027 2254 eti,
1042 2178 1118 2262 roffi
1139 2176 1255 2263 testere

225 2279 301 2324 nam
326 2261 458 2327 timidus
480 2262 601 2342 terreri,
623 2262 734 2328 stultus
757 2260 873 2348 decipi,
897 2261 1066 2326 iracundus
1089 2263 1254 2341 concitari,

222 2345 411 2410 ,ambitiosus
424 2345 535 2426 inflari,
550 2347 667 2434 longus
680 2345 822 2446 protrahi
835 2345 933 2432 potest
947 2369 955 2410 ε
978 2345 1117 2431 prudens
1130 2367 1206 2410 vcro
1219 2363 1253 2412 et

224 2431 369 2495 constans
384 2431 446 2510 vel,
462 2444 624 2532 tamquam
645 2431 795 2496 immicus
815 2444 849 2496 et
870 2430 1028 2516 pervicax,
1042 2429 1261 2496 dimittendus·

223 2514 346 2615 statim,
365 2515 416 2580 vel
443 2537 506 2580 non
530 2515 792 2614 interrogatione,
818 2513 870 2580 sed
896 2515 984 2580 brevi
1007 2515 1253 2614 interlocutione
1309 2533 1312 2542 “

224 2601 559 2773 restruunt:
571 2599 1253 2773 :tumultuum,utre

257 2838 371 2886 ⁰habuit
383 2837 413 2886 id.
478 2839 657 2886 »admonenda
669 2837 700 2885 id.
710 2837 770 2894 bene,
779 2847 840 2898 pura.
906 2837 1031 2886 sdeficiet
1042 2839 1073 2886 G.
1136 2841 1253 2888 rutilita-

223 2909 274 2947 tem
287 2903 318 2948 G.
335 2901 428 2965 vulgari
440 2919 520 2960 errore,
533 2915 595 2968 quent
607 2903 630 2949 in
642 2901 692 2949 aliis
704 2919 786 2966 quoque
797 2901 833 2948 hic
843 2911 903 2947 norae
915 2903 971 2950 Bur.
1035 2913 1045 2942 ⁸
1061 2903 1136 2950 solent
1148 2905 1177 2954 G.
1188 2905 1251 2952 lens.

166 3002 168 3006 .
223 2967 332 3092 {uptam
398 2973 416 3002 ⁹·
430 2969 590 3030 pmemtent.
655 2974 667 2998 ¹
686 2966 730 3014 nifi
741 2983 782 3014 an.
794 2967 824 3014 G.
836 2979 886 3013 non
898 2967 972 3028 potest
984 2967 1161 3016 inanimum.
1203 2969 1251 3017 ssi

223 3161 282 3212 qne,
294 3143 337 3197 nisi
355 3146 507 3198 vehementer
524 3144 605 3208 fallor,
618 3147 653 3198 ita
669 3145 713 3198 de·
762 3145 801 3198 vel
818 3143 931 3226 quisquis
950 3145 991 3206 est,
1008 3145 1052 3214 qui
1071 3162 1116 3216 pro
1132 3144 1254 3209 recitaris,

222 3213 270 3274 dit,
283 3215 320 3265 vel
332 3233 380 3266 non
392 3215 500 3267 multum
519 3216 590 3268 aliter
607 3216 711 3276 Fabius,
760 3214 843 3267 ciram
861 3215 911 3285 legi
928 3215 993 3276 vult,
1007 3215 1032 3266 h.
1045 3234 1069 3273 e.
1091 3217 1117 3266 in
1136 3217 1251 3286 conspec-

224 3283 275 3352 Qu
289 3299 358 3334 reum
373 3294 482 3352 premat,
498 3303 569 3354 quas,
586 3294 610 3337 et
628 3285 713 3356 quibus
762 3296 816 3336 turn
834 3286 940 3345 vocatis,
957 3283 1048 3346 nescio,
1069 3299 1100 3335 an
1123 3283 1251 3338 meliusse

222 3368 255 3402 err
266 3351 349 3416 cauffis
360 3352 500 3406 inimicitias
511 3351 624 3406 haheat?
643 3355 711 3405 Con·
760 3353 884 3424 expediat.

222 3419 322 3474 {hutho
333 3437 347 3472 n
360 3421 534 3474 monachornm
547 3423 654 3474 sermone
665 3421 711 3475 ali·
797 3426 839 3474 2⁶.
858 3421 941 3492 longus
954 3421 1081 3490 protrahi]
1101 3423 1159 3476 Non
1175 3423 1249 3478 dubi·
1358 3457 1363 3468 ι

195 3517 197 3524 ·
258 3502 343 3541 antnm
357 3492 499 3552 abhorrens,
511 3491 711 3544 occasionemde-
761 3501 797 3552 to,
818 3491 880 3560 quin
900 3494 956 3543 sana
975 3489 1003 3542 fit
1020 3491 1073 3543 haec
1092 3493 1138 3544 scri
1157 3505 1251 3556 turma

240 3562 260 3611 it
277 3561 390 3614 mutandi
401 3561 443 3630 qm·
451 3559 485 3613 'in
499 3561 564 3630 quis,
575 3572 600 3612 et
615 3578 712 3632 perier·
760 3559 846 3612 nostris
863 3561 949 3622 etiam,
969 3559 1037 3630 quod
1058 3573 1112 3612 tace
1146 3581 1162 3613 ο
1185 3563 1250 3616 indi·

220 3628 301 3683 tcndae
312 3631 444 3682 sententiae.
760 3631 881 3692 cavimus,
897 3632 1012 3700 probata.
1035 3630 1097 3682 Vult
1114 3631 1208 3684 Fabius
1220 3651 1264 3683 un·

258 3717 303 3764 25.
322 3699 432 3752 recitatis
442 3699 468 3751 in
480 3697 585 3762 anione]
604 3699 711 3752 Nonvi-
759 3715 947 3768 uumquemque
966 3700 992 3750 in
1013 3699 1112 3760 vitium,
1131 3701 1162 3752 ad
1181 3702 1250 3770 qnod
1363 3737 1371 3750 .

221 3767 277 3830 deo,
290 3770 350 3836 quid
363 3769 415 3821 haec
428 3774 491 3822 intr-r
503 3769 525 3819 se
540 3768 638 3828 distent,
650 3767 712 3819 reci·
777 3767 892 3836 rependet
920 3780 1009 3820 natura
1037 3767 1121 3838 ipsius,
1145 3771 1250 3840 impelli.

221 3835 282 3888 tatis
291 3836 318 3888 in
334 3837 429 3890 anione
445 3835 548 3916 testibus,
562 3849 586 3888 et
602 3837 712 3888 nomina·
760 3785 798 3888 bt
810 3837 888 3905 igitur
894 3835 993 3888 timidus
1003 3836 1094 3890 terreri
1097 3839 1226 3908 potestfstu
1251 3873 1256 3877 -

168 3961 171 3967 ,
222 3904 271 3958 tis.-
290 3905 333 3958 niti
345 3907 409 3958 forte
420 3915 556 3960 recitantur
565 3905 642 3975 restes,
654 3923 712 3958 cum
760 3915 799 3958 tus
815 3903 900 3973 deripi,
913 3917 961 3958 cet.
980 3904 1010 3956 fic
1027 3904 1110 3974 longus
1122 3907 1249 3974 protrahi,

220 3976 358 4027 testimonia
370 3975 466 4027 illorum
482 3975 569 4026 deseri
589 3988 614 4026 to
625 3975 713 4044 legun·
760 3987 790 4026 ut
805 3973 917 4043 delapsus
936 3976 961 4026 in
982 3974 1045 4026 illud
1063 3976 1133 4027 suum
1155 3977 1249 4029 solenne

205 4055 282 4108 ‘tur3
299 4044 464 4107 nominantur,
476 4062 533 4096 cum
551 3995 587 4096 mi
599 4061 640 4095 eos
652 4059 710 4113 pro·
758 4044 850 4096 vitium
868 4042 981 4095 molestus
1001 4043 1046 4094 fiat
1063 4045 1204 4110 judicibus,
1222 4059 1248 4098 et

216 4125 324 4168 vocatur
335 4113 484 4184 impliciter.
512 4114 559 4166 Sed
576 4113 710 4166 ausonia.
759 4113 871 4166 somnum
883 4111 933 4164 illis
944 4112 1056 4164 inducat.

221 4193 271 4234 tem
284 4181 398 4236 desidero.
426 4182 547 4239 Anionem
567 4194 650 4234 autem
670 4182 710 4233 hic
795 4185 839 4234 2⁶.
857 4180 1054 4249 refrigerandus]
1074 4181 1247 4250 Attentioju.

220 4249 334 4338 intelligo
352 4253 540 4312 accusationem.
562 4251 709 4315 Turnebus,
757 4250 899 4335 dicumet,
910 4267 984 4322 quem
996 4251 1052 4306 inde
1064 4253 1192 4324 concipere
1201 4271 1246 4323 po-
