3000 4908
404 371 572 441 rusrrr.
592 371 796 439 oneror.
816 371 900 438 nra.
915 353 954 442 r.
978 387 1024 441 ιο.
1173 363 1235 454 aaa
1274 337 1278 344 ’

1165 476 1174 504 Ι

158 541 160 548 '
203 541 296 624 λέθα,
310 539 353 609 est
366 541 454 608 enirn
477 545 645 691 curfianens
660 540 819 632 saepientiae
831 539 966 605 bonitas:
989 532 1045 604 illa
1058 536 1230 626 sequentem

201 627 366 712 ἐπαγόμενοι
378 629 399 710 ¹,
414 651 488 716 quae
509 651 551 716 po

201 705 243 769 de
266 711 450 777 nominibus
471 713 602 778 anxius:
626 725 718 777 vocet
740 711 839 790 enirn,
863 723 901 774 ut
922 709 1059 774 voluerit
1081 708 1226 797 quisque,

201 789 278 857 dum
295 795 342 860 vis
356 817 461 862 rerum
478 797 542 884 ipsa
552 796 713 862 manifesta
723 799 774 876 fit3'
790 807 1010 884 appareatque,
1023 794 1086 858 hoc
1098 807 1233 882 tempo,

148 885 189 966 76
201 875 257 956 ris,
266 877 347 945 illud
359 883 419 946 esse
430 895 563 948 naturae.
582 885 694 968 Itaque
705 897 769 954 non
781 880 896 946 dubito
905 879 976 944 haec
989 895 1118 1026 quoffiue
1130 881 1226 965 conse-

201 965 332 1046 quentia,
342 969 486 1054 quamvis
500 989 539 1032 ex
549 968 706 1054 prioribus
720 965 797 1031 dent
807 977 1031 1053 argumentum
1043 986 1061 1027 a
1094 976 1142 1043 ea,
1154 985 1226 1050 quae
1253 1041 1258 1048 .

199 1047 400 1132 sequuntur(
425 1054 573 1120 Quorum
587 1050 717 1140 quidam
733 1049 941 1138 duas.species
956 1048 1016 1113 esse
1031 1049 1223 1114 voluerunt:

198 1131 344 1216 Aetionis,
354 1150 390 1202 ut
399 1159 456 1224 pro
465 1137 584 1224 Oppi0,
599 1138 677 1224 Quos
686 1136 803 1200 educere
813 1135 920 1200 invitos
933 1135 964 1198 in
973 1134 1159 1232 prouinciam
1168 1157 1226 1198 non

192 1219 303 1303 potnit,
319 1246 363 1284 eos
378 1223 486 1286 invitos
500 1223 624 1286 retinere
637 1221 690 1310 qui
698 1222 823 1310 potuit?
847 1220 1007 1308 Temporis,
1023 1218 1055 1281 in
1076 1219 1223 1300 Verrem,
1272 1275 1274 1284 ,

136 1337 140 1348 ,
200 1301 234 1366 Si
243 1303 342 1389 finem
357 1308 500 1372 Praetoris
514 1308 604 1371 editio
618 1307 751 1396 (efferrent
765 1303 915 1370 Kalendae
931 1303 1086 1384 Januarii,
1101 1328 1152 1366 cur
1167 1327 1229 1368 noer
1261 1361 1264 1366 .

144 1410 183 1480 77
197 1383 315 1452 initium
339 1417 450 1480 quoque
468 1392 555 1456 edidi
568 1393 708 1478 nascatur
723 1417 743 1455 a
765 1389 912 1454 Kalendis
933 1387 1103 1452 Januarii?
1126 1389 1229 1454 Quod?

197 1485 369 1563 utrumque
384 1499 475 1540 exem
498 1476 566 1540 lum
582 1475 647 1541 tale
660 1477 714 1557 est,
727 1488 763 1541 ut
776 1475 862 1539 idern
875 1475 907 1538 in
923 1473 1090 1554 diversum,
1104 1471 1123 1536 si
1139 1485 1224 1537 retro
1247 1506 1248 1510 ,

197 1578 285 1644 agas,
302 1561 416 1626 valeat.
491 1561 665 1648 onsequens
680 1561 766 1626 enirn
778 1572 797 1600 ¹⁸¹
819 1562 873 1640 est,
889 1581 954 1635 eos,
968 1559 1025 1646 qui
1040 1558 1132 1622 inviti
1147 1558 1229 1623 duci¹

143 1650 184 1735 78
198 1663 260 1705 non
277 1646 467 1730 potuerintss,
483 1646 600 1710 invitos
615 1667 679 1710 non
694 1643 826 1732 potuisse
839 1645 981 1709 retineri.
1006 1643 1066 1706 Illa
1081 1663 1221 1730 quoque,

196 1748 270 1812 quae
285 1754 322 1793 ex
335 1733 418 1795 rebus
441 1742 573 1795 erratuum
596 1729 841 1818 confirmationem
862 1727 1070 1829 praestantibus
1097 1727 1222 1798 ducun-

195 1822 251 1874 tur
264 1825 289 1892 0,
305 1838 378 1902 quae
402 1815 518 1904 proprii
544 1817 672 1904 generis
694 1815 794 1880 videri
816 1814 947 1902 quidam
970 1813 1094 1896 volunt,
1111 1825 1143 1877 et
1162 1831 1228 1878 vo:

196 1909 273 1968 cant
284 1902 315 1959 ἐκ
329 1901 384 1960 τῶν
397 1899 466 1982 πρὸς
481 1897 603 1970 ἄλληλα
616 1913 642 1980 Ρ,
658 1901 773 1964 Cicero
788 1923 824 1962 ex
837 1901 921 1962 rebus
935 1899 996 1986 sub
1019 1899 1148 1961 eamdem
1166 1922 1220 1962 ra-

157 2005 160 2012 *
194 1981 299 2048 tionem
323 1985 516 2062 uenientibus,
540 1983 694 2050 sortiter*
719 1983 984 2072 consequentibus
1013 1982 1169 2046 'unxerirn
1184 1997 1219 2047 r:
1321 2045 1325 2049 .

196 2065 231 2130 Si
248 2069 408 2156 portorium
431 2069 554 2137 Rhodiis
577 2071 670 2134 locare
694 2069 836 2218 honestum
861 2069 909 2155 est,
925 2079 953 2132 et
978 2007 1221 2134 ssirmacreontr'·

141 2173 181 2246 79
195 2154 369 2220 conducere:
391 2168 436 2234 et,
454 2156 539 2220 Quod
552 2155 658 2242 discere
672 2157 757 2240 hones
766 2179 827 2233 um,
842 2169 870 2217 et
891 2155 1000 2218 docere.
1044 2153 1140 2216 Unde
1153 2153 1220 2234 illa,

194 2259 257 2302 non
273 2238 335 2304 hac
348 2239 469 2306 ratione
493 2239 621 2319 dunat,
636 2239 694 2305 sed·
712 2240 852 2305 efficiens
874 2238 961 2302 idem
985 2237 1124 2302 Domitii
1142 2237 1220 2304 'Afri

165 2377 169 2386 .
192 2321 345 2388 sententia
359 2326 402 2388 est
415 2323 559 2411 pulchra,
575 2325 644 2412 Ego
660 2325 808 2412 accusavi,
823 2348 875 2388 vos
890 2321 1059 2410 damnastis.
1104 2325 1156 2388 Est
1169 2323 1229 2388 im*

191 2407 285 2472 vicem
307 2409 475 2495 corfiquens
501 2422 534 2473 et
558 2410 646 2506 quod
671 2433 711 2494 ex
732 2409 857 2473 diversis
881 2408 966 2473 idern
989 2406 1145 2471 ostendit:
1169 2422 1217 2489 ut,

192 2493 245 2576 qui
257 2495 398 2558 mundum
417 2493 497 2582 nasci
517 2495 600 2572 dicet,
616 2508 667 2581 per
681 2497 732 2558 hoc
753 2495 846 2582 ipsum
868 2506 897 2556 et
920 2493 1040 2578 deficere
1050 2491 1217 2580 fignificet‚

61 2617 71 2630 ·
138 2580 179 2646 80
190 2575 264 2662 'quia
278 2576 377 2663 deficit
391 2603 482 2656 omne,
518 2579 577 2642 aod
599 2579 740 2726 nascitur.
785 2577 955 2642 simillima
978 2577 1021 2641 est
1044 2577 1100 2640 his'
1119 2601 1215 2665 argu-

190 2662 356 2742 mentatiO,
371 2685 436 2750 qua
458 2603 569 2750 coiligi
593 2663 625 2728 so
639 2677 694 2727 ent
717 2689 753 2728 ex
775 2663 823 2742 iis,
839 2688 906 2751 quae
916 2663 1055 2750 faciunt,
1077 2687 1123 2741 ea,
1148 2687 1217 2746 quae

189 2743 369 2842 efficiuntur,
384 2761 440 2812 aut
453 2761 586 2830 contra:
609 2748 698 2834 quod
711 2769 814 2836 genus
829 2773 848 2812 a
863 2748 964 2833 caufflr
979 2759 1104 2810 vocant.
1132 2751 1215 2812 Haee

189 2831 316 2896 interim
329 2833 481 2918 aeceffiirio
497 2833 578 2897 fiunt
589 2843 612 2910 ⁰,
629 2834 756 2897 interim
780 2833 961 2920 plerumque,
976 2833 1030 2896 sed
1047 2854 1104 2895 non
1118 2837 1229 2921 maest·
1297 2911 1302 2920 ι

177 2916 276 3002 surio.
319 2918 404 2982 Nam
420 2932 521 3006 corpus
545 2917 577 2980 in
600 2917 709 2983 lumine
731 2917 833 3006 utique
847 2921 979 2983 umbram
992 2917 1089 3004 facit,
1105 2931 1133 2981 et
1146 2944 1212 2984 um-

219 3117 435 3185 'eagayo'mmire
500 3127 519 3151 ¹¹
538 3139 579 3170 om.
592 3123 623 3170 G.
720 3126 732 3148 ¹¹
752 3121 997 3183 potueruan.Jens.
1061 3122 1076 3150 0
1094 3124 1212 3173 ducentur

162 3183 250 3242 ‘lensi
338 3187 465 3238 Ρόλλῆλας
475 3185 506 3232 G.
587 3185 748 3236 qsorteJens.
765 3185 1211 3248 Sedfhrrirertmendumilludsortiter.

189 3249 308 3298 Waflur.
373 3262 383 3290 r
394 3250 503 3308 junxerit
513 3251 544 3296 id.
610 3249 764 3298 *Hermocu
776 3251 807 3298 G.
818 3251 881 3299 Jeus.
962 3252 1027 3299 ¹Sia
1037 3252 1068 3300 G.
1080 3263 1101 3298 er
1111 3253 1175 3302 Voff.
1189 3270 1213 3302 κ.

186 3321 224 3373 ap.
236 3315 292 3361 Bur.
304 3315 367 3362 dista
376 3315 408 3362 al.
474 3323 485 3346 u
504 3315 632 3364 suntJens.

222 3463 266 3522 76.1
289 3459 345 3512 ’ὑιτσ
362 3479 451 3532 quaque
469 3463 572 3534 consen]
600 3463 671 3516 Nihil
715 3461 812 3532 potuiffe
831 3463 903 3514 duci.-
930 3463 1006 3534 potest
1026 3462 1090 3525 sieri,
1110 3478 1138 3516 ut
1161 3467 1225 3536 ipse·

157 3536 160 3547 '
185 3527 267 3594 deest3
288 3530 380 3582 sedita
396 3530 472 3600 potest
487 3533 579 3600 expleri
596 3534 670 3583 inter·
719 3535 813 3584 Fabius
826 3533 943 3584 memoria
955 3532 1035 3601 lapsus
1047 3531 1208 3594 s1t‚vel=cerre
1224 3549 1227 3558 ’

183 3599 296 3670 pretendi
314 3600 392 3652 caussa
409 3600 498 3660 orario,
511 3599 566 3652 Non
581 3601 671 3662 dubito,
720 3601 942 3672 antiquissimorum
970 3597 1128 3654 librariorum
1161 3605 1228 3656 ali-¹

183 3668 236 3719 haec
261 3688 358 3740 quoque,
382 3687 439 3738 quae
463 3670 516 3733 jam
538 3670 670 3740 proferam,
720 3671 790 3741 quis.
1223 3691 1226 3701 ¹

183 3739 227 3791 esse
244 3738 344 3809 dicique
366 3739 426 3793 adeo
449 3738 512 3809 posse
533 3741 671 3810 consequen»
756 3745 800 3803 78.
819 3738 913 3805 cicero]
940 3741 981 3792 De
996 3741 1094 3792 Invent.
1115 3759 1139 3802 1,
1162 3755 1203 3807 30.
1224 3759 1227 3770 ’

180 3807 228 3859 tia.
375 3828 377 3836 ·
687 3825 691 3832 ·
720 3807 855 3861 Similitudo
865 3809 891 3860 in
907 3810 1046 3870 contrariis,
1056 3821 1081 3862 et
1093 3811 1205 3878 paribus,

218 3881 260 3940 76.
279 3878 306 3931 in
317 3879 429 3943 Verrem]
452 3894 475 3938 1¹,
487 3895 532 3940 42.
546 3888 609 3930 extr.
625 3878 670 3930 ubi
719 3888 743 3930 et
754 3879 780 3929 in
790 3877 820 3929 iis
831 3879 911 3940 rebus,
922 3893 975 3946 que
982 3879 1032 3948 sub
1047 3881 1149 3930 eandem
1165 3899 1208 3931 ca-

180 3946 289 4015 nescitur
300 3951 389 4000 habent
402 3949 459 3999 boni
471 3947 540 4010 libri,
553 3963 603 3998 non
613 3947 669 4017 nas·
719 3948 779 3998 dunt
797 3945 925 4008 rationem,
946 3947 1054 4000 maxime
1064 3951 1202 4019 sperentur.
1223 3967 1227 3987 r

72 4017 75 4028 “
179 4025 262 4068 catur.
369 4047 373 4053 ·
534 4041 536 4048 ·
719 4015 988 4068 Utiturdeindeeodem
999 4017 1118 4088 exemplo,
1127 4018 1203 4081 Nam,

216 4102 259 4147 77.
276 4083 321 4152 qui
340 4084 418 4137 inviti
435 4084 502 4150 dues]
530 4085 607 4136 Retro
626 4087 669 4154 agi
710 4085 735 4150 st
754 4085 852 4138 Rhodiis
870 4095 940 4153 turpe
956 4103 1002 4137 non
1021 4083 1052 4156 est
1070 4088 1227 4155 portorium·

178 4151 266 4206 debuit
288 4153 333 4204 hoc
355 4153 506 4222 *exemplum
529 4154 570 4222 qui
589 4153 670 4205 inviti
716 4153 1206 4225 locaremeHermecrevntiqur'deertur.

178 4221 280 4274 retineri
298 4239 344 4273 nm
359 4222 491 4291 potuerint,
509 4221 602 4274 invitos
623 4241 690 4274 nan..
713 4223 933 4292 prestconducere.
972 4263 978 4272 .
1037 4265 1040 4270 ,

118 4371 121 4377 7
223 4293 311 4359 vos.
331 4311 358 4356 1.
743 4311 766 4355 u

576 647 613 693 ea
634 627 717 693 sosia
738 627 820 707 sunt,
837 637 891 690 aut
910 625 1027 690 sutura.
1071 625 1143 687 Nec
1158 623 1229 688 sum
1326 628 1330 640 '
