3022 4920
455 363 624 443 INSTIT.
644 365 845 427 ORATOR.
867 366 953 426 LIB.
974 368 1016 432 ΙΙ.
1037 385 1085 430 21.
1227 383 1284 456 145

253 515 389 594 bonum.
433 529 500 596 Cur
511 528 616 618 ‘igitur
631 527 801 608 oratorem,
817 549 916 616 quem
928 553 948 595 a
961 530 1049 596 bono
1066 528 1132 596 viro
1146 552 1210 598 non
1231 533 1281 598 se·

201 616 239 690 13
253 633 341 698 parc,
357 613 390 678 in
404 615 516 680 eadem
532 614 666 680 materia
678 613 789 680 versari
802 615 916 680 mirer?
941 638 1017 680 cum
1031 617 1201 700 praesertim
1216 619 1281 704 pri-

251 719 308 762 mo
332 697 415 764 libro
434 698 502 786 jam
527 699 726 776 ostenderim,
745 699 948 786 philosophos
969 699 1111 776 omiffam
1135 699 1217 766 hanc
1240 705 1282 769 ab

189 795 192 800 “
252 784 431 848 oratoribus
452 797 574 871 partem
583 785 763 870 occupasse,
801 807 851 850 uae
864 783 1038 850 rhetorices
1080 785 1183 872 ropric
1197 785 1280 851 sem·
1294 792 1310 799 ’“

252 888 308 952 per
322 867 437 948 fuiffet,
454 883 492 934 ut
506 868 553 933 illi
610 871 673 934 tius
688 870 721 932 in
737 809 837 934 noire
850 871 983 934 materia
995 808 1167 936 veridntur.
1203 873 1279 938 ‘De-

251 951 350 1038 nique
364 976 438 1018 cum
461 955 498 1019 fit
511 956 563 1018 dia
577 955 674 1018 cerices
689 955 815 1018 materia
837 953 879 1020 de
896 956 990 1020 rebus
1004 953 1153 1042 subjectis
1170 955 1224 1020 dis
1239 982 1279 1022 u-

184 1087 186 1094 ,
251 1047 330 1116 tare,
347 1037 384 1102 tit
406 1053 514 1104 autem
534 1039 715 1104 dialectices
731 1038 988 1120 oratio'concisa,
1002 1061 1060 1104 cur
1082 1061 1146 1104 non
1167 1061 1204 1105 ea
1227 1064 1280 1107 em

199 1133 240 1197 14
252 1135 413 1207 perpetuae
427 1147 491 1212 quo
515 1147 556 1190 ue
572 1124 724 1189 materia¹¹
746 1123 913 1189 videatur?
959 1125 1047 1188 Solet
1061 1146 1079 1188 a
1093 1125 1281 1210 quibusdam
1294 1166 1296 1170 ·

252 1220 284 1270 et
298 1207 379 1272 illud
394 1209 482 1296 poni,
493 1147 638 1274 (bmnium
654 1209 749 1297 igitur
762 1209 873 1273 artium
883 1211 999 1296 peritus
1013 1209 1068 1272 erit
1083 1211 1233 1296 orator,fi
1244 1213 1281 1276 de

250 1291 382 1362 omnibus
397 1295 424 1358 ei
437 1295 590 1360 dicendum
603 1293 651 1381 est.
697 1293 816 1358 Possem
838 1293 892 1358 hic
908 1291 1072 1364 Ciceronis
1094 1295 1280 1380 respondere

250 1377 367 1456 verbis,
382 1379 468 1476 apud
483 1401 581 1466 quem
595 1379 657 1444 hoo
672 1378 813 1458 invenio,
825 1379 902 1443 Mea
916 1379 1031 1466 quidem
1035 1379 1185 1465 fintentia
1198 1405 1281 1448 nemo

173 1527 174 1536 ,
250 1462 305 1547 effe
315 1474 423 1550 poteret
437 1465 514 1528 omni
530 1465 619 1528 laude
633 1465 797 1528 cumulatus
812 1476 920 1546 orator,
935 1464 993 1550 rifi
1014 1464 1070 1528 erit
1084 1465 1209 1528 omnium
1229 1490 1278 1530 re-

252 1569 318 1610 rum
331 1572 509 1635 magnarum
524 1562 612 1636 atque
630 1550 739 1612 artium
748 1547 906 1636 scientiam
920 1549 1101 1648 consecutus:
1124 1549 1177 1612 sed
1198 1549 1279 1614 mihi

252 1630 325 1696 satis
339 1633 382 1696 est
396 1633 466 1721 ejus
480 1633 541 1698 else
550 1647 711 1704 ¹oratorem
726 1633 783 1712 rei,
797 1632 852 1698 dei
865 1657 928 1720 qua
943 1633 1038 1714 drcet,
1052 1655 1115 1696 non
1130 1635 1277 1702 inscium.

198 1717 239 1791 ¹5
254 1717 371 1802 Neque
385 1719 470 1782 enim
486 1741 599 1784 omnes
615 1719 732 1783 caussas
747 1718 849 1796 novit,
864 1731 897 1783 et
909 1719 1006 1784 debet
1018 1717 1101 1805 posse
1115 1718 1155 1782 de
1171 1720 1278 1784 omni-

254 1800 312 1864 bus
337 1801 454 1868 dicere.
498 1805 549 1868 De
569 1805 685 1890 quibus
708 1825 787 1890 ergo
810 1802 920 1868 dicet?
949 1802 990 1866 de
1011 1803 1128 1888 quibus
1151 1804 1278 1870 didicit.

253 1885 406 1952 Similiter
419 1887 459 1952 de
474 1890 596 1954 artibus
610 1911 752 1976 quoque,
768 1887 808 1951 de
822 1887 939 1974 quibus
955 1887 1126 1952 dicendum
1142 1890 1213 1969 erit,
1229 1889 1280 1954 in‘-

201 1963 239 2026 16
253 1969 346 2035 terim
360 1971 478 2048 discet:
502 1986 536 2038 et
556 1973 596 2038 de
615 1974 731 2060 quibus
752 1972 910 2052 didicerit,
926 1971 1023 2037 dicet.
1068 1972 1159 2037 Quid
1174 1977 1276 2062 ergo?

251 2078 314 2120 nou
332 2069 388 2122 aut
410 2057 500 2123 faber
514 2057 554 2122 de
569 2057 686 2122 fabrica
707 2058 832 2136 melius,
848 2071 904 2122 aut
924 2057 965 2121 de
983 2055 1100 2121 musice
1114 2060 1275 2124 muficus?

251 2141 286 2204 Si
303 2141 418 2206 nesciat
433 2155 548 2222 orator,
563 2142 641 2229 quid
656 2143 704 2222 fit,
719 2139 760 2208 de
774 2165 839 2228 quo
860 2143 1023 2227 quaeritur,
1039 2142 1131 2227 plane
1150 2144 1277 2210 meliuS.

251 2227 339 2290 Nam
354 2239 387 2291 et
400 2227 543 2314 litigator
567 2228 699 2293 rusticus
721 2228 946 2312 illiteratusque
961 2228 1001 2291 de
1022 2227 1122 2290 cauffa
1135 2226 1189 2292 sua
1208 2252 1278 2294 me·
1297 2261 1301 2266 ·

250 2309 326 2389 lius,
343 2333 439 2398 quarn
465 2325 582 2392 orator,
629 2312 663 2376 ui
684 2313 783 2376 riesoit
804 2313 882 2399 quid
900 2313 937 2376 in.
956 2312 1014 2376 lite
1035 2311 1081 2392 stt,
1097 2312 1200 2377 dicet:
1225 2315 1279 2379 sed

251 2409 381 2482 accepta
402 2418 420 2459 a
441 2398 570 2477 musteo,
586 2335 717 2476 alabro,
734 2397 812 2461 ficut
832 2419 851 2462 a
870 2397 1044 2484 litigatore,
1063 2397 1179 2462 melius
1204 2421 1277 2482 ora·

199 2484 236 2554 17
252 2492 312 2558 tor,
329 2504 426 2568 quem
449 2481 512 2568 ipse
534 2482 607 2569 qui¹
634 2482 789 2546 docuerit.
833 2483 956 2548 Verum
978 2495 1011 2545 et
1020 2483 1128 2570 faber,
1145 2505 1219 2548 curn
1242 2487 1279 2547 de

237 2565 379 2651 fabrico,
395 2577 428 2630 et
447 2568 578 2652 musteus,
595 2588 668 2631 curn
684 2569 721 2630 de
734 2566 852 2652 mustea,
868 2565 983 2654 liquid
1004 2566 1279 2646 confirmationem

249 2648 478 2731 defideraverit,
494 2646 591 2732 dicet,
606 2675 670 2716 non
689 2653 750 2716 erit
771 2651 902 2740 quidem
923 2664 1038 2730 orator,
1053 2652 1106 2716 sed
1127 2652 1222 2717 faciet
1236 2654 1277 2720 il·

249 2733 306 2798 lud
331 2735 415 2820 quast
439 2750 567 2802 orator:
588 2737 667 2801 ficut
689 2759 762 2800 eum
783 2735 898 2800 vulnus
922 2735 1086 2824 imperitus
1109 2735 1278 2834 deligabit,

199 2811 238 2875 18
252 2841 315 2882 nou
330 2819 391 2882 crit
403 2819 560 2900 medicus,
576 2820 628 2886 sed
646 2821 742 2886 faciet
764 2833 801 2884 ut
821 2820 978 2885 medicuS.
1021 2821 1076 2902 Art
1097 2821 1279 2907 lrujulmodi

249 2925 299 2968 res
314 2926 373 2967 nec
387 2904 420 2968 in
434 2904 577 2985 laudem,
594 2927 653 2970 nec
668 2907 700 2972 in
715 2905 987 2984 deliberationem,
1002 2927 1061 2970 nec
1076 2907 1108 2970 iu
1117 2905 1279 2992 judicium

250 2987 383 3052 veniunt
398 2991 409 3053 l
453 2991 497 3053 Er
522 3012 542 3054 o
557 3013 632 3055 cum
647 2989 687 3054 de
701 2989 847 3054 faciendo
864 3003 960 3089 portu
975 2989 1105 3054 ostiensi
1120 2990 1277 3058 delibera·

249 3087 321 3138 tum
336 3074 390 3152 est,
406 3097 470 3138 non
508 3075 599 3139 ebuit
613 3075 718 3141 dicere
738 3075 926 3140 sententiam
943 3078 1071 3139 orator?
1095 3075 1182 3162 atqui
1198 3099 1278 3164 opus

198 3158 237 3235 19
250 3170 317 3222 erat
337 3159 459 3224 ratione
480 3159 737 3225 architectorum.
781 3160 912 3224 Livores
934 3171 967 3224 et
991 3173 1133 3224 tumores
1147 3161 1180 3224 in
1202 3183 1275 3226 cor-

249 3264 337 3328 pore,
353 3241 520 3316 cruditatis
544 3267 583 3308 an
600 3245 713 3308 veneni
735 3245 820 3332 signa
839 3244 908 3323 sint,
924 3266 988 3307 non
1011 3245 1126 3310 tractat
1146 3250 1275 3312 orator?

249 3339 284 3390 at
297 3329 340 3391 est
355 3327 387 3390 id
405 3351 444 3392 ex
460 3329 580 3393 ratione
601 3328 780 3393 medicinae.
826 3328 921 3392 Circa
939 3329 1097 3394 mensuras
1112 3344 1146 3394 ot
1159 3353 1275 3396 nume-

249 3431 302 3475 ros
323 3433 387 3474 non
409 3414 602 3478 versabitur?
626 3414 769 3478 dicamus
794 3413 851 3477 has
868 3413 1059 3478 Geometriae
1080 3416 1139 3479 effe
1160 3430 1276 3502 partes.

250 3494 411 3594 Equidem
426 3497 613 3568 omniafere
650 3499 711 3562 olle
725 3497 821 3562 credo
842 3498 915 3562 casu
933 3496 1041 3584 aliquo
1056 3500 1162 3564 venire
1175 3501 1208 3564 in
1223 3501 1275 3565 of·

251 3579 360 3644 fictum
376 3581 528 3646 oratoris:
550 3520 672 3668 quodsi
688 3604 751 3646 non
772 3581 908 3660 accidet,
923 3605 986 3646 non
1002 3597 1094 3647 erunt
1108 3585 1138 3648 ei
1152 3584 1284 3672 subjec-¹
1312 3651 1318 3664 ,

195 3673 239 3723 20
252 3677 294 3730 ta.
340 3666 391 3729 Ita
406 3665 447 3730 fic
462 3687 590 3752 quoque
602 3665 688 3732 redte
712 3667 864 3745 diximus,
878 3669 1032 3734 materiam
1054 3669 1207 3732 rhetorices
1225 3671 1284 3755 effe
1312 3682 1320 3722 ἵ
1336 3709 1386 3748 -,,,;

250 3773 345 3815 omnes
363 3775 409 3814 res
432 3751 476 3814 ad
497 3752 651 3816 dicendum
675 3753 702 3815 ei
717 3753 881 3839 subjettas,
895 3752 985 3840 quod
1010 3751 1141 3838 quidem
1166 3747 1294 3841 probat?
1378 3771 1388 3808 ἱ

314 3905 327 3936 l
346 3906 445 3954 materie
455 3905 485 3954 G.
496 3905 560 3954 Jcns.
623 3903 630 3937 ¹
649 3906 678 3954 de
690 3919 739 3968 qua
749 3907 812 3955 dicct
824 3922 865 3956 om.
875 3905 906 3954 G.
915 3904 978 3953 Jens.
1045 3904 1052 3936 ¹
1068 3907 1110 3968 qui
1118 3925 1161 3957 orn.
1173 3909 1205 3958 G.

288 4055 424 4123 13.primo
439 4055 519 4123 libro]
541 4057 572 4108 In
588 4057 699 4109 Prooem.
719 4055 736 4109 s.
788 4073 832 4118 ιο,
844 4074 871 4119 7.
923 4029 930 4044 ⁶

252 4125 296 4175 io.
310 4124 364 4192 sqq.
827 4144 869 4188 ¹4·
889 4125 949 4176 Mea
960 4124 1054 4194 quidem
1061 4125 1197 4198 sententia]
1216 4129 1274 4184 Cic.

289 4209 330 4254 ¹3·
342 4192 375 4258 fit
385 4204 466 4246 aurem
477 4193 624 4260 dialectices]
638 4194 698 4248 vid.
714 4213 740 4258 2,
788 4195 819 4246 de
831 4197 901 4248 Orat.
919 4213 944 4259 r,
957 4198 982 4250 6.

296 4279 383 4327 vot.
409 4283 435 4328 1.
793 4285 816 4329 1.
