3000 4908
247 377 307 468 3332
488 365 535 426 Μ.
553 365 676 426 FABII
698 363 1042 430 QUINCTILIAN'I
1073 375 1077 382 ’

249 499 309 604 vit,
333 551 403 615 qiiae
423 523 461 612 est
482 527 514 590 in
536 541 668 614 organis.
709 527 862 616 Peregille
883 529 964 596 mibi
986 531 1096 598 videor
1110 529 1192 598 sacra
1207 544 1334 616 tra-*27

247 610 394 678 dentium
408 625 502 690 sites,
519 610 569 676 sed
585 611 713 678 consilio
727 611 819 678 locus
837 615 981 701 superest.
1024 619 1176 704 Namque
1193 641 1280 706 ego,-

247 712 296 762 ut·
310 698 367 760 inb
390 696 533 766 oratione
556 697 573 760 s
590 697 735 784 llogismo
759 697 892 783 quidem
915 700 1085 787 aliquando
1111 703 1157 767 uti
1182 704 1277 770 nefas:

247 803 311 846 nois
326 783 423 862 duco,
438 781 483 844 ita
497 719 633 846 consiste
646 794 759 860 totam,
774 795 831 846 aut
844 795 930 848 certe
944 785 1117 850 consertam
1136 786 1196 850 esse
1209 811 1272 876 ag-

304 865 438 930 iiionum
461 879 495 929 et
516 866 790 964 enthymematum
816 867 979 952 stipatione
999 871 1133 934 minime
1158 871 1269 940 velim.

244 889 393 1038 ffalogis
416 950 557 1014 enimet
576 951 753 1016 dialceticis
766 951 1031 1037 disputationibus
1051 955 1112 1018 erit
1127 956 1269 1037 similior,

243 1055 341 1120 quam
357 1037 449 1098 nostri
464 1035 567 1120 operis
581 1036 771 1111 adimemus,
785 1057 858 1120 quae
872 1038 1003 1124 quidem
1017 1037 1101 1104 inter
1113 1039 1144 1104 se
1166 1041 1267 1126 pluri-

244 1141 336 1184 mum
365 1120 528 1184 disserunt.
570 1121 722 1206 Namque
750 1118 796 1182 illi
826 1120 974 1188 homines
1001 1123 1100 1203 docti,
1123 1135 1157 1188 et
1179 1123 1327 1192 interna

141 1278 146 1286 Ι
244 1203 358 1268 destos
381 1226 492 1270 verum
514 1217 702 1290 querentes,
719 1203 874 1268 minutius
896 1221 930 1270 et
951 1207 1157 1292 scrupulosus
1177 1209 1266 1274 scru-

244 1299 352 1354 tantur
373 1289 493 1367 omnia,
513 1289 605 1353 etad
626 1288 786 1376 liquidum
807 1289 1043 1378 consessumque
1063 1291 1265 1378 perducunt:

242 1386 280 1438 ut
303 1375 360 1459 qui
385 1375 441 1438 fibi
465 1387 500 1438 et
522 1373 703 1438 inveniendi
726 1386 760 1438 et
774 1371 941 1458 judicandi
962 1375 1124 1442 vindicent
1145 1391 1265 1463 partes,

240 1477 374 1542 querum
388 1459 519 1523 alterum
533 1457 652 1536 sonnis,
666 1458 799 1522 aiteram.
810 1460 928 1538 κριτικὴν
943 1473 1067 1526 vocent.
1104 1461 1210 1526 Nobis
1222 1463 1265 1528 ad
1277 1475 1321 1544 29

240 1541 375 1607 aliorum
394 1543 518 1630 judicia
542 1542 761 1628 componenda
784 1544 826 1608 eii
848 1542 963 1622 oratio,
985 1556 1019 1608 et
1044 1545 1155 1631 saepius
1178 1547 1267 1631 apud

240 1627 373 1692 omnino
387 1627 562 1714 imperitos,
576 1639 673 1713 atque
691 1626 823 1692 eliorum
845 1639 930 1692 certe
950 1628 1081 1714 ignaros
1100 1629 1266 1696 literarum

239 1710 435 1798 loquendum
451 1713 515 1792 est3
539 1733 621 1798 quos
634 1711 689 1774 nisi
704 1724 736 1774 et
752 1711 960 1776 delectatione
974 1712 1143 1793 allicimus,
1156 1727 1191 1778 et
1211 1715 1263 1778 vi-

168 1849 174 1857 .
237 1797 327 1860 ribus
340 1797 508 1875 trahimus,
522 1810 555 1860 et
569 1813 807 1880 nonnumquam
822 1797 985 1861 turbamus
998 1797 1188 1864 affectibus:
1210 1799 1266 1886 ip-·

237 1881 282 1959 sa,
295 1903 368 1966 quae
385 1881 468 1968 julia
480 1903 516 1944 ac
531 1903 604 1944 vere
618 1879 702 1956 sunt,
716 1894 823 1944 tenere
847 1903 912 1946 non
935 1881 1107 1968 possumus.
1150 1885 1259 1948 Iucu·
1270 1901 1318 1966 30

237 1965 308 2052 ples
322 1979 355 2030 et
368 1963 502 2054 speciosa
516 1965 586 2029 vult
599 1963 659 2027 eise
672 1964 871 2050 eloquentia:
894 1985 1029 2051 quonam
1053 1966 1135 2030 nihil
1148 1969 1263 2034 conse-=

237 2063 364 2134 quemi,
390 2050 410 2112 ii
440 2047 697 2113 conclufionibus
718 2049 812 2113 certis
837 2061 871 2113 et
895 2049 1023 2129 crebris,
1049 2062 1084 2114 et
1104 2051 1138 2114 in
1161 2073 1263 2134 uuam
1308 2075 1318 2113 ε

236 2153 332 2220 prope
351 2133 483 2197 fonnem
502 2133 689 2198 cadentibus
701 2133 835 2211 concisa,
850 2145 883 2198 et
896 2145 1117 2198 contemtum‘
1131 2158 1172 2200 ex
1192 2137 1257 2202 hu.-

236 2218 384 2294 militate,
399 2233 433 2281 et
447 2217 558 2282 odium
573 2239 613 2280 ex
626 2216 761 2302 quedam
775 2217 934 2296 servitute,
950 2231 984 2282 et
997 2239 1038 2282 en
1052 2219 1145 2306 copia
1161 2219 1261 2286 satie--

234 2313 346 2379 tatem,
360 2313 393 2364 et
407 2323 446 2366 ex
460 2325 511 2366 am
534 2300 669 2366 litudine
684 2300 841 2365 fastidium
854 2301 974 2366 tulerit.
1013 2305 1039 2366 F
1038 2317 1142 2367 eretur
1156 2304 1164 2318 ’
1193 2305 1257 2370 itun
1266 2320 1309 2387 31

233 2407 300 2450 non
322 2386 452 2465 semitis,
468 2324 684 2470 sed'campis:
708 2409 772 2450 non
793 2384 842 2449 uti
865 2385 970 2449 sontes
988 2387 1126 2474 angusiis
1148 2389 1166 2452 fi
1194 2389 1259 2454 ulis

233 2469 440 2556 colliguntur,
454 2472 508 2535 sed
523 2485 560 2536 ut
574 2469 731 2534 latissimid
749 2491 858 2534 amnes
871 2469 947 2534 totis
962 2471 1096 2536 vallibus
1112 2473 1207 2551 fluat,
1217 2497 1259 2539 ac

232 2555 288 2620 libi
303 2557 435 2633 viam,s1
451 2556 583 2642 quando
595 2559 658 2621 non
678 2553 845 2640 acceperit,
860 2553 967 2618 faciat.
993 2556 1078 2618 Nam
1095 2555 1258 2641 quidm.i-.·

231 2639 349 2704 seriuse
362 2641 467 2726 legem
484 2640 583 2718 illam,
600 2659 727 2703 venun
747 2636 960 2724 praeformatas
981 2637 1155 2706 infantibus
1176 2641 1252 2706 lite·

229 2741 293 2802 res,
318 2725 588 2810 persequentibus,
613 2735 657 2800 et,
683 2737 721 2785 ut
744 2721 849 2786 Graeci
872 2721 976 2786 dicere
998 2723 1109 2810 solent,
1136 2743 1250 2790 ouum

229 2825 331 2874 meter
345 2809 498 2874 amisium
513 2809 614 2886 dedit,
629 2807 750 2874 solicite
765 2805 1032 2872 custodientibus?
1058 2809 1229 2896 Propofitio
1240 2809 1253 2850 f
1262 2826 1310 2892 32

230 2893 439 2964 ae-ccnelusio
457 2903 520 2957 ex¹
543 2881 808 2978 obnsequcntihus
827 2904 861 2954 et
880 2890 1131 2988 repugnantibus
1142 2893 1170 2972 h„
1184 2916 1257 2960 non.

228 2977 376 3062 inspiret?
401 2999 464 3040 non
479 2979 620 3062 augeat?
645 2996 708 3039 non
723 2974 812 3039 mille
827 2975 937 3060 figuris
952 2975 1051 3038 variet
1064 2996 1101 3039 ac
1122 2978 1223 3042 verset
1235 2981 1255 3042 i

228 3075 267 3126 ut
280 3084 318 3125 ea
332 3061 427 3142 nasci,
442 3074 474 3126 et
488 3063 554 3148 ipsa
574 3059 738 3148 provenire
760 3071 882 3138 natura,
898 3080 962 3122 non
986 3081 1084 3123 manu
1106 3061 1201 3142 aaa,
1216 3076 1251 3128 et

258 3279 269 3310 l
289 3279 338 3326 sine
348 3282 438 3328 ratione
449 3281 500 3344 syli.
512 3256 551 3342 qu.
563 3281 619 3342 aliq.
631 3281 696 3326 nefas
707 3278 770 3324 duco
782 3277 812 3324 G.
876 3281 886 3308 ⁶
906 3273 969 3335 quan
982 3274 1023 3337 ins?
1034 3275 1065 3321 G.
1131 3277 1142 3308 ⁶
1161 3280 1249 3328 beatii—
1265 3289 1267 3294 '

225 3345 277 3393 limi
287 3345 318 3391 G.
336 3355 357 3391 et
367 3345 398 3391 al.
411 3352 447 3406 ap.
460 3347 539 3392 Burm.
611 3351 620 3372 ⁶
639 3344 680 3390 iiia
691 3343 743 3389 mii.
755 3337 1248 3401 lege-persequentium-custodientium
1276 3367 1290 3380 w

225 3407 256 3458 ’6.
267 3408 331 3458 Jens.
427 3408 437 3440 f
454 3409 514 3456 uuis
526 3423 576 3456 non
593 3406 688 3468 inspiret
702 3405 779 3466 omiffir
796 3401 886 3468 reliquis
903 3419 931 3450 ex
951 3401 1024 3450 Valle
1034 3403 1089 3450 libro
1100 3405 1156 3468 conj.
1165 3409 1247 3459 Bam.

224 3472 353 3522 ‘etlcns
374 3485 376 3490 ’
437 3473 449 3503 ¹²
468 3481 585 3535 propugn.
597 3471 629 3519 G.

262 3671 304 3717 ²7·
314 3655 395 3724 sacra
408 3647 558 3704 tradentium
571 3645 649 3710 aries]
669 3645 709 3698 Sic
759 3645 817 3702 tuit,
835 3653 874 3704 ut,
890 3659 952 3710 quas
968 3643 1062 3712 figuras,
1080 3647 1249 3710 connnmdet,

225 3723 298 3794 supra
309 3720 419 3791 mysteria
429 3721 493 3771 dixit
507 3736 531 3782 5,
546 3733 588 3780 13,
601 3718 645 3766 60.
759 3732 773 3764 a
792 3724 882 3782 pareat.
901 3713 992 3772 Verba,
1005 3711 1130 3779 Propcfitio
1140 3732 1171 3768 ac
1187 3734 1251 3786 cong

262 3777 304 3856 ξι.
317 3791 365 3842 liro
401 3789 442 3842 uio
451 3805 482 3838 ac
491 3781 611 3850 cotrclufio]
626 3785 711 3836 Locus
757 3733 823 3848 elifio
833 3797 865 3832 ex
876 3781 940 3848 conse
954 3778 1063 3842 uentibus
1070 3791 1094 3832 et
1102 3791 1244 3851 repugnan.

223 3859 307 3932 paullo
318 3859 376 3910 obi
410 3855 616 3922 difficilior‚quia
632 3851 709 3904 Fabi·
756 3850 829 3910 tibus,
840 3849 894 3900 sunt
906 3799 957 3916 ipsi
974 3848 1164 3916 enthymematis
1179 3854 1244 3905 defi·
1276 3913 1279 3918 .

224 3949 265 3991 us,
278 3929 307 3980 id.
319 3926 386 3995 quod
404 3937 459 3976 tum
477 3923 567 3990 reliqui
578 3921 638 3972 boni
649 3920 708 3970 doc·
756 3915 828 3970 riitio.
849 3917 923 3984 (Vid.
936 3915 954 3967 s.
968 3935 982 3966 a
987 3934 1000 3980 5
1014 3926 1038 3966 et
1050 3919 1109 3983 26.)
1131 3921 1242 3990 Compa-

223 4011 298 4057 tores‚
309 4007 363 4046 tum
375 3993 424 4062 ipse
435 3991 568 4060 praesertim
580 3989 659 4042 facere
670 3989 708 4040 sc·
756 4004 784 4038 m
800 3986 907 4038 similiter
916 3985 946 4064 de
958 3985 1143 4054 anacephaleosi
1153 3992 1244 4058 praeei.

222 4069 266 4128 let,
278 4075 426 4135 praeceptum
443 4063 522 4130 ipsum
539 4060 570 4111 de
580 4058 708 4126 enthyme·
755 4055 1094 4131 pientemFabrumti,1,2.
1235 4120 1237 4128 y

221 4148 288 4192 mate
296 4149 347 4184 non
358 4131 423 4184 nude
439 4131 477 4182 sed
494 4145 554 4187 cum¹
570 4127 707 4179 exornatio·
793 4143 834 4190 3²·
851 4121 960 4193 inspiret]
980 4121 1041 4173 Vid.
1054 4121 1085 4174 ad
1099 4142 1163 4190 2‚,5,
1174 4131 1204 4179 8,
1216 4169 1235 4191 ,.

220 4223 251 4258 ne
272 4200 383 4274 quadam
401 4198 566 4270 proponendo,
585 4197 621 4248 ita
640 4193 718 4248 insti..
