3000 4908
372 437 375 445 k
431 373 599 436 rusum
619 369 820 464 orroeon.
840 372 922 436 mo.
941 371 995 432 n.
1018 387 1045 433 1.
1185 385 1246 452 ou

221 535 335 607 cordia.
378 535 400 602 J
403 536 465 602 uste
479 537 567 602 enim
581 549 659 602 tunc
673 547 781 623 petere
795 557 835 600 ea
855 533 989 621 quisque
1009 533 1135 599 videtur
1155 555 1174 598 a
1189 535 1246 622 jn·

223 625 307 703 dice,
344 646 394 688 uae
409 622 462 688 alii
476 623 538 710 ipse
553 623 739 710 praestiterit.
784 620 959 697 Referenda
979 641 1049 704 pars
1069 620 1140 684 haec
1163 643 1246 706 quo-

153 724 156 730 ’
223 731 290 796 que
303 645 344 774 ai
358 708 518 773 utilitatem
531 709 645 795 reipub.
661 708 704 771 ad
713 707 852 794 judicum
862 705 1005 792 gloriam,
1019 706 1062 778 ad
1077 707 1250 802 exemplam,

171 809 212 878 23
226 795 270 858 ad
286 795 450 858 memoriam
460 793 650 892 patermutio.
696 792 872 866 Plurimum
893 805 1000 854 tamen
1022 789 1106 854 valet
1127 791 1250 876 misiam

226 881 277 960 tio,
304 901 375 967 quoe
396 879 539 966 judicem
568 879 653 944 flecti
678 899 742 940 non
770 889 893 940 tantum
920 875 1021 962 cogit,
1044 875 1098 938 sed
1124 877 1263 942 neotum.

224 985 359 1052 quoque
371 964 470 1028 animi
485 965 532 1028 sui
553 963 693 1028 lacrimis
715 961 870 1026 confiteri.
915 961 998 1023 Haec
1018 967 1174 1048 petetur*
1194 973 1252 1026 aut

225 1072 266 1114 ex
281 1050 332 1128 iia,
347 1073 416 1136 qua
425 1050 526 1136 pastas
539 1047 577 1134 ast
590 1072 665 1132 rpus,
679 1061 735 1111 aut
749 1067 789 1110 ex
803 1047 854 1124 iis,
869 1071 938 1133 quae
952 1067 1017 1108 cam
1028 1058 1042 1086 ²
1057 1045 1182 1110 maxime
1191 1059 1251 1132 pa-

226 1134 314 1212 titur,
329 1149 384 1198 aut
398 1155 438 1198 ex
452 1135 503 1212 iis,
538 1159 587 1198 ace
600 1134 774 1196 damnatum
792 1143 933 1199 manent:
956 1153 1028 1216 quae
1050 1143 1084 1194 et
1104 1130 1167 1216 ipsa
1188 1129 1251 1195 du-

226 1219 399 1306 plicantur,
415 1241 490 1283 cum
512 1157 662 1296 licimuS,
678 1243 713 1280 ex
737 1241 797 1305 qua
821 1217 870 1280 illi
880 1229 897 1278 ³,
904 1217 1048 1301 fortuna,
1062 1227 1091 1277 et
1109 1215 1141 1278 ia
1162 1239 1254 1304 quam
1310 1210 1315 1218 Χ

174 1320 218 1386 24
229 1304 477 1388 recidendamſst.
514 1303 618 1368 Affert
632 1303 665 1366 in
679 1304 731 1366 his
746 1313 947 1366 momentum
961 1313 995 1362 et
1008 1313 1095 1378 aetas,
1111 1303 1252 1386 etsiaau

228 1401 263 1456 et
282 1389 423 1477 pigmora,
445 1388 546 1468 liberi,
565 1389 649 1466 dioc,
676 1401 710 1452 et
729 1399 878 1473 parentas,
904 1398 937 1448 et
955 1385 1124 1472 propinqui.
1168 1386 1254 1450 Quae

228 1474 338 1538 omnia
350 1474 476 1538 trattati
491 1473 576 1538 varie
589 1473 701 1536 solent.
741 1475 997 1557 Nonnumquam
1020 1469 1115 1534 etiam
1137 1481 1171 1532 et
1191 1468 1256 1554 ipse

229 1571 380 1644 patronus
403 1557 461 1620 has
485 1571 589 1644 partes
611 1557 716 1622 subit:
746 1569 783 1620 ut
804 1556 918 1620 Cicero
939 1575 995 1640 pro
1016 1555 1152 1634 Milone,
1169 1554 1256 1620 Ome

223 1643 364 1730 miserum
376 1645 387 1705 l
413 1642 498 1706 Ome
510 1643 676 1729 iofiliceml
707 1643 856 1706 Revooore
869 1665 914 1705 me
927 1653 961 1704 ta
975 1640 1008 1702 im
1026 1640 1169 1726 patriam,
1184 1639 1241 1704 Mi
1255 1682 1259 1694 ·

231 1728 273 1806 lo,
287 1726 403 1814 potuisti
422 1742 476 1814 par
497 1727 559 1806 hor,
576 1752 627 1814 ego
650 1739 677 1790 te
697 1727 730 1791 ia
750 1727 856 1813 patria
874 1740 928 1814 par
942 1727 1050 1812 eosdem
1063 1726 1185 1788 retinere
1200 1749 1258 1790 mon
1317 1801 1323 1814 .

224 1814 358 1900 potero?
381 1811 635 1900 Maximequefi
663 1821 713 1897 (ut
736 1825 813 1876 tunc
835 1809 963 1893 accidit)
987 1831 1051 1874 non
1064 1811 1260 1877 convenient

180 1911 221 1982 25
234 1899 275 1976 ei,
290 1898 348 1983 qui
361 1897 534 1976 accusatur,
549 1919 670 1982 preces.
713 1898 801 1960 Nam
816 1897 889 1983 quie
908 1894 1005 1960 terret
1020 1895 1178 1960 Milonem
1236 1918 1258 1960 o

234 1983 338 2068 capite
350 1981 406 2048 suo
420 1981 476 2068 sup
497 1981 659 2061 licentem,
674 1981 730 2066 qui
744 2003 764 2046 a
776 1981 807 2046 sc
822 1981 924 2044 virum
944 1975 1172 2045 nobilem'inte
1201 2003 1256 2046 ac·

196 2101 199 2110 ·
234 2077 318 2146 tum,
331 2066 407 2154 quia
421 2066 453 2130 id
468 2003 538 2132 lert
549 2067 743 2153 oportuifl'et,
757 2065 929 2130 fateretur?
966 2067 1052 2152 Ergo
1064 2079 1100 2129 et
1114 2065 1169 2130 illc
1181 2087 1258 2153 cap-

186 2189 189 2196 ·
233 2153 314 2218 tavit
327 2175 366 2218 ex
381 2151 437 2216 illa
449 2151 625 2238 praestantia
637 2151 736 2216 animi
757 2151 907 2228 favorem,
921 2162 954 2214 et
974 2149 1007 2212 in
1029 2151 1138 2214 locum
1163 2151 1259 2217 lacri-

225 2243 358 2302 mirum
373 2237 440 2323 ejus
454 2238 518 2322 ipse
530 2236 680 2302 succeffit.
726 2235 788 2300 His
809 2236 969 2322 praecipue
982 2235 1063 2299 locis
1073 2235 1173 2302 utiles
1187 2237 1260 2302 sunt

226 2322 448 2409 prosopopoeia,
462 2321 496 2384 id
511 2323 566 2398 est,
582 2322 664 2387 fittae
678 2321 849 2384 alienarum
865 2320 1065 2406 personarum
1085 2323 1259 2400 orationem,
1299 2363 1302 2368 ·

236 2407 348 2491 quales
371 2405 564 2491 litigatorem
587 2407 714 2484 decent,
741 2405 814 2468 velb
836 2410 1016 2490 patronum.
1059 2407 1185 2470 Mutaec
1208 2419 1259 2470 ta-

237 2493 336 2553 mend
350 2511 401 2552 ree
414 2505 556 2569 movent,
570 2503 638 2568 aut,
653 2509 728 2554 cum
744 2489 814 2574 ipsis
828 2489 1013 2576 loquimur:
1036 2502 1103 2566 aut,
1121 2509 1195 2553 cum
1209 2491 1259 2576 ip·

185 2574 285 2643 intas
298 2574 389 2660 loqui
405 2574 569 2660 fingimus.
613 2578 663 2638 Ex
683 2574 821 2660 perionis
836 2595 966 2660 quoquc
987 2574 1145 2638 trahitur⁸
1163 2575 1259 2638 affec·

176 2719 178 2724 .
238 2671 304 2724 tus.
348 2661 426 2722 Non
441 2661 526 2722 enim
541 2659 760 2746 audircjudex
774 2659 901 2723 videtur
914 2658 1016 2722 aliena
1037 2657 1120 2722 mala
1141 2659 1263 2724 deflen-

239 2756 300 2822 tea,
323 2743 377 2808 scd
401 2744 522 2808 sensum
547 2767 585 2808 ac
613 2766 722 2809 vocem
745 2745 873 2807 auribus
898 2744 1041 2830 accipere
1065 2745 1262 2826 miserorum,

240 2849 377 2914 quorum
398 2828 496 2892 etiam
517 2842 626 2892 mutus
648 2828 787 2914 aspectus
809 2828 953 2892 lacrimas
973 2843 1105 2894 movet:
1127 2841 1264 2918 quanto-

240 2935 306 3000 que
329 2913 426 2976 allent
452 2911 685 2992 miserabiliora,
712 2913 732 2975 st
757 2935 794 2976 ea
818 2914 960 2978 dicerent
984 2913 1051 3000 ipsi,
1077 2927 1168 2978 tanto
1191 2917 1265 2980 sunt

241 2997 380 3084 quadarn
405 2997 478 3060 suas
506 2997 652 3084 portione
679 2997 720 3062 ad
744 2997 944 3086 efficiendum
972 3000 1162 3084 potentiora,
1189 3021 1267 3066 cum

241 3082 332 3146 velut
343 3081 479 3168 ipsorum
493 3103 549 3146 ore
567 3083 737 3146 dicuntur:
761 3097 798 3147 ut
808 3097 823 3136 ἐ
834 3083 967 3147 scenicis
980 3083 1138 3148 actoribus
1153 3084 1266 3148 eadem

242 3189 317 3246 vox,
333 3167 443 3232 eadem
466 3169 682 3253 pronuntiatio
706 3168 778 3254 plus
803 3168 843 3232 ad
864 3167 1038 3232 movendos
1059 3168 1188 3234 affectus
1210 3168 1280 3234 sub'

191 3267 230 3335 27
244 3252 375 3337 persona
397 3251 492 3316 valet.
538 3254 651 3340 Itaque
673 3251 783 3316 idemh
810 3253 935 3331 Cicero,
951 3267 1143 3338 'quamquam
1160 3259 1268 3342 preces

245 3357 310 3398 non
324 3336 379 3399 dat
393 3335 523 3414 Miloni,
538 3359 676 3425 eumque
690 3337 795 3424 potius
808 3337 905 3402 animi
919 3337 1093 3422 praestantia
1106 3360 1271 3404 commen-

246 3419 313 3498 dat,
328 3421 581 3485 accommodavit
595 3423 624 3486 ei
643 3436 749 3486 tamen
772 3421 821 3488 eti
845 3422 950 3500 verba,
965 3424 1018 3486 et¹
1045 3425 1270 3488 convenientes
1309 3457 1315 3472 ·

246 3503 343 3570 etiam
357 3503 432 3568 forti
446 3505 513 3570 viro
525 3507 774 3593 conquestiones,
793 3508 819 3571 O
820 3506 954 3594 smstro,
967 3507 1074 3594 inquit,
1083 3509 1138 3571 mei
1141 3510 1271 3596 suscepti

133 3673 137 3678 Ι
232 3588 361 3684 Ἰαὸονεε
373 3592 385 3652 l
403 3581 504 3678 O‘sper
506 3590 658 3676 fallaces!
677 3591 1017 3678 angitatioaasiaams
1032 3597 1146 3658 meam!
1162 3595 1271 3658 Num·

280 3799 295 3828 ¹
311 3802 422 3853 petentur
440 3810 510 3842 omnes
532 3803 604 3855 puto:
623 3792 666 3856 secl
686 3793 751 3840 nimis
773 3793 918 3858 manfistum
936 3795 967 3842 ad
987 3787 1162 3844 miserationem
1184 3795 1272 3858 merri.

248 3861 261 3889 ²
280 3867 399 3916 quantum
416 3857 478 3904 Jcns.
496 3872 554 3905 cum
574 3857 682 3906 maxime
699 3858 759 3909 cort.
771 3857 803 3902 ad
812 3857 873 3906 Plin.
891 3859 1093 3920 epss.6,31,15.
1112 3878 1140 3908 cx
1156 3861 1272 3907 veterrimo

251 3919 307 3967 Cod.
319 3931 373 3968 turn
384 3936 450 3970 max.
462 3921 493 3969 al.
505 3932 527 3968 a
536 3924 615 3970 Burm.
691 3921 909 3970 eillaJensmale.
985 3925 1055 3970 bom.
1068 3925 1099 3971 G.
1180 3927 1273 3972 ‘unde

250 3983 353 4032 omens,
429 3988 555 4034 “tantum
567 3987 597 4032 G.
670 3987 846 4039 trahaturG.
921 3981 987 4033 fam.
1001 3988 1032 4035 G.
1043 3989 1107 4037 lens.
1177 3989 1274 4040 Ιεῑῦ..

201 4075 203 4081 ·
250 4045 364 4097 homG.
429 4047 494 4098 ἰονιι.
507 4051 538 4098 G.
603 4050 784 4100 ¹om.G.Jens.
849 4051 996 4098 mmeasG.
1246 4053 1248 4058 '

331 4239 376 4288 24.
395 4224 446 4277 Cic.
461 4233 507 4294 pro
519 4225 623 4292 Milone]
643 4245 666 4308 οἱ.
682 4244 723 4292 37.
742 4225 856 4291 alterum,
868 4197 899 4280 (lc
910 4245 962 4297 qno
974 4227 992 4279 s.
1006 4246 1049 4293 27,
1061 4229 1094 4282 eli
1104 4246 1127 4280 c.
1142 4245 1184 4292 34.
1276 4213 1282 4268 .'
