2938 4910
405 375 574 442 inerte.
599 360 803 438 onA'ron.
825 379 907 438 tre.
928 373 996 440 vn.
1014 399 1041 439 ι.
1178 393 1239 459 419

201 561 257 622 no,
270 561 347 606 enm
363 539 453 608 telier
467 543 597 628 plores-3
621 543 676 609 vei
693 541 861 622 nonturno,
877 551 952 608 culn
974 543 1073 630 major
1093 541 1231 610 difficul-

144 637 187 714 45
202 639 262 693 tat.
307 627 518 727 inspiciuntur
532 629 647 715 utique
660 627 861 693 difficultates
883 631 937 693 etf
957 629 1145 712 oceasronee,
1159 649 1244 714 quae.

197 713 214 775 s
214 726 273 777 unt
287 713 443 798 plurime,
459 714 532 778 ideo
557 731 597 778 ne
610 713 767 799 exemplis
782 735 878 777 none
903 725 968 778 ent.
1014 711 1078 778 Hic
1098 713 1232 801 sequens

198 797 291 862 luens
307 799 377 862 talis
390 801 445 878 est,
461 812 509 876 nt,
520 737 637 884 iiflrri
650 821 708 862 non
724 798 832 884 potuit,
850 737 969 862 stillata
989 799 1028 862 lis
1050 799 1108 863 sit:
1126 801 1159 884 fi
1174 815 1232 886 po·

200 885 271 962 tuit,
287 882 431 968 sequatur
447 883 590 972 quaestio,
606 879 803 969 Anficerit?
833 885 897 948 Sed
910 883 981 946 haee
996 885 1148 948 etiamad
1162 885 1233 951 eni·

199 969 245 1031 mi
259 969 473 1056 conjesturnm
496 970 678 1055 pertinent:
705 989 779 1032 nem
801 981 835 1032 et
855 991 895 1033 ex
915 968 965 1031 iris
986 969 1165 1056 colligitur,
1178 963 1233 1034 An

189 1055 392 1138 speraverit?
416 1055 493 1118 Ideo
508 1055 639 1141 spreturi
653 1055 773 1119 debent
786 1067 820 1118 et
833 1051 1050 1133 instrumenta,
1067 1068 1105 1118 ut
1121 1055 1232 1120 Clodii

140 1139 185 1220 46
197 1160 234 1202 uo
250 1139 384 1202 Milonis
406 1138 589 1204 comitatus.
635 1140 787 1219 Quaesiio,
803 1139 859 1203 An
870 1139 992 1225 fecerit,
1009 1139 1122 1225 incipit
1142 1163 1161 1204 a
1182 1141 1231 1204 se-

10 1260 18 1292 r
198 1224 306 1288 eundo
330 1236 485 1309 tempore,
509 1225 542 1288 id
567 1225 622 1303 esi,
648 1225 792 1312 praesenti
804 1249 814 1304 3
847 1247 884 1288 ae
907 1223 1023 1288 deinde
1047 1225 1230 1312 conjunslo,

196 1307 288 1372 hoca
312 1310 366 1386 est,
381 1309 579 1396 insequenti:
611 1331 746 1396 quorum
770 1309 841 1374 sunt
856 1311 964 1395 forms,
990 1309 1110 1388 clamor,
1133 1314 1229 1396 gemi-

197 1396 282 1474 terh,
297 1393 439 1474 lutilatio,
456 1408 560 1474 metue,
575 1393 698 1458 similia.
736 1395 798 1458 His
814 1393 972 1458 accedunt
986 1394 1082 1480 signe,
1099 1395 1139 1458 de
1155 1395 1234 1482 qui'-¹

196 1475 259 1542 bus
279 1478 448 1543 ¹mediatum
472 1482 524 1544 est.
573 1480 668 1543 Verba
688 1479 784 1543 etiam
807 1491 840 1544 et
854 1479 960 1564 «feda,
981 1500 1052 1564 quae
1078 1499 1117 1544 ue
1139 1493 1229 1546 ante·

10 1615 14 1646 ,
139 1575 182 1644 47
197 1563 362 1642 cesserunt,
388 1587 461 1651 quae
483 1585 524 1629 ue
549 1565 690 1630 insecuta·
714 1567 797 1629 sunt.¹
841 1567 923 1628 Haec
945 1578 1001 1628 aut
1022 1587 1064 1628 no
1103 1564 1227 1644 esunt,

196 1661 254 1712 aut
268 1649 380 1714 aliena.
426 1589 490 1714 de
504 1650 618 1714 verba¹
639 1651 736 1737 magis
758 1663 876 1714 nocent
888 1647 914 1728 t,
929 1662 985 1712 aut
1000 1649 1107 1714 minus.
1152 1653 1227 1714 Ma·

195 1729 247 1819 'gis
260 1747 378 1798 nocent
387 1735 408 1815 ¹,
423 1747 457 1799 et
471 1736 578 1801 minua
592 1735 721 1821 prosunt
735 1735 847 1814 nostra,
865 1755 961 1822 qnam
978 1734 1079 1798 aliena
1093 1759 1100 1797 ι
1124 1737 1229 1822 magis

195 1819 338 1902 prosunt,
354 1832 388 1883 et
409 1821 516 1886 miuus
530 1820 774 1892 noeent'aliena,
789 1841 885 1907 quarn
902 1821 1014 1884 nostra.
1059 1822 1084 1882 F
1084 1821 1155 1886 edla
1168 1844 1227 1884 au-

10 1965 13 1988 ,
195 1916 262 1967 tem
283 1905 413 1968 interim
435 1907 540 1993 magis
561 1905 691 1992 prosunt
712 1906 822 1984 nostra,
842 1905 972 1968 interim
993 1905 1117 1990 aliena:
1142 1919 1189 1984 ut,
1206 1907 1228 1970 st

117 1999 120 2008 ’
194 1989 285 2074 quid,
300 1991 387 2080 quod
401 2011 461 2076 pro
475 1991 568 2055 nobis
583 1991 630 2067 sit,
646 1989 836 2056 adversarius
857 1987 955 2053 feeit:
978 1990 1099 2074 semper
1121 2011 1195 2054 vero
1207 2003 1228 2030 ¹¹²

138 2069 182 2154 48
196 2095 248 2136 me
273 2075 298 2138 ‘s
321 2087 438 2140 nocent
459 2075 571 2154 nostra,
587 2097 684 2162 quam
707 2075 819 2140 aliena.
864 2074 915 2137 Est
936 2086 968 2137 et
992 2074 1047 2137 illa
1068 2075 1101 2138 in
1124 2075 1228 2144 verbis

194 2157 227 2222 di
252 2160 382 2239 erentia,
399 2161 487 2248 quod
505 2173 581 2224 aut⁰
603 2172 710 2246 aperta
725 2159 807 2240 sunt,
823 2173 879 2224 aut
892 2159 1001 2223 dubia.
1047 2162 1110 2225 Seu
1126 2161 1227 2224 nostra

193 2243 248 2306 seu
261 2245 365 2309 aliena
380 2246 464 2324 sunt,
479 2245 651 2310 infirmiora
665 2246 697 2308 in
713 2257 885 2331 utrumque
900 2244 959 2308 sint
973 2245 1092 2311 neeesse
1106 2247 1148 2310 est
1164 2245 1224 2309 dtr·

143 2375 148 2380 -
194 2328 269 2392 bia:
292 2343 400 2393 tamen
422 2332 524 2394 nostra
537 2333 618 2415 saepe
632 2329 758 2417 magis⁰
780 2343 910 2407 nocent,
922 2344 959 2392 nt
979 2329 1013 2392 in
1028 2330 1082 2394 illa
1096 2341 1224 2394 contro·
1281 2401 1283 2407 ,

226 2509 238 2548 s
253 2529 294 2561 em.
307 2513 338 2562 G.
349 2512 411 2562 iens.
504 2519 515 2549 ἕ
534 2515 582 2562 hoe
593 2517 626 2561 est
638 2515 680 2562 ins.
693 2531 733 2562 om.
746 2515 786 2562 itt.
879 2514 891 2544 ¹¹
911 2515 1053 2576 insequenti
1066 2515 1106 2577 ins.
1118 2516 1148 2564 G.
1159 2517 1224 2566 Jens.

194 2577 297 2632 Buram
314 2593 338 2640 5,
353 2588 443 2640 πως,
461 2578 515 2640 cory'.
533 2579 577 2626 ira.-
597 2581 630 2632 Q,
646 2594 668 2626 a.
685 2582 702 2627 f.
720 2581 762 2626 i.a
781 2579 798 2628 s.
816 2590 833 2626 t.
851 2580 924 2627 idest
941 2579 1081 2638 conjurato,
1093 2575 1225 2634 adhaerenti

194 2653 217 2688 et
229 2643 370 2703 insequenti,
382 2658 486 2704 quorum
503 2644 558 2690 sunt
574 2643 643 2690 sonus
655 2647 700 2691 dre.
717 2655 742 2690 ut
758 2645 829 2690 sonus
845 2643 961 2705 copientis,
974 2643 1065 2690 clamor
1081 2654 1105 2690 et
1120 2647 1212 2706 gemitu

192 2705 333 2764 adhaerentis,
347 2708 458 2764 latitatlo,
469 2717 547 2754 metus
564 2707 692 2773 irfiquentr's
699 2709 758 2770 fint.
787 2707 829 2755 Vel
842 2709 892 2754 ita:
922 2709 952 2755 0.
970 2722 992 2754 a.
1003 2709 1020 2756 s.
1033 2709 1048 2754 i.
1061 2723 1075 2755 a
1087 2707 1104 2756 sa
1115 2719 1133 2756 t.
1151 2711 1175 2756 ld
1190 2663 1226 2758 eg

193 2772 259 2831 pres.
271 2785 299 2819 ac
318 2775 382 2830 conj‘.
399 2787 504 2833 ¹qnorum
522 2773 577 2819 sunt
594 2774 610 2819 sss
622 2773 654 2819 cl.
665 2787 689 2834 g.
707 2787 736 2819 ae
756 2772 842 2819 deinde
857 2772 1000 2833 insequenti,
1011 2769 1122 2830 latitatio,
1135 2779 1223 2824 metues.

139 2881 148 2890 ,,
193 2836 340 2900 ¹nobisr'ns.
351 2838 382 2882 G.
486 2837 633 2901 '‘Forteirff.
645 2847 668 2886 et
680 2839 784 2898 prosunt.
856 2837 1222 2888 *tuoeetmtomodent

192 2903 212 2929 ¹¹¹
231 2903 299 2948 enirn
311 2903 342 2949 G.
354 2898 419 2948 male.
485 2906 498 2930 ¹¹
517 2917 559 2946 om.
570 2902 601 2948 G.
666 2909 677 2931 ⁰
696 2902 765 2948 nobis
777 2901 807 2950 G.
819 2900 883 2948 Jens.

225 3065 272 3126 46.
290 3060 373 3132 incipit
384 3079 402 3112 a
411 3062 528 3132 firmado]
548 3063 681 3114 Semndum
730 3062 772 3123 est,
790 3061 910 3115 claritatis
928 3073 1102 3134 preceptorem
1120 3064 1222 3116 minime

189 3133 282 3202 teinpus
292 3132 335 3184 esse
364 3131 458 3192 raesens,
470 3131 531 3183 nihil
549 3133 623 3189 habet
633 3133 678 3184 du·
729 3133 826 3194 decens,
850 3143 894 3184 aot
916 3133 987 3184 aliter
1012 3133 1093 3203 posuit
1115 3131 1219 3188 Fabius.

190 3201 239 3252 bii.
257 3202 302 3252 Sed
320 3151 387 3254 siliic
405 3201 474 3253 lorus
486 3203 520 3253 ita
532 3203 593 3254 exiit
604 3220 617 3252 e
628 3217 681 3254 ma-
729 3185 787 3254 Res'
804 3202 854 3274 ipsa
874 3213 993 3272 apparet:
1024 3205 1118 3271 quibua
1138 3206 1220 3258 verbis

188 3275 225 3321 'nu
243 3271 325 3332 Fabii,
345 3273 377 3323 de
396 3287 446 3340 quo
467 3282 548 3334 tamen
564 3272 599 3322 esi
613 3273 680 3340 quod
728 3272 780 3324 dici
791 3274 907 3342 potuerit,
919 3287 967 3322 non
981 3271 1014 3324 est
1025 3271 1176 3336 obscurum
1194 3283 1219 3326 et

189 3340 313 3401 dubitem,
333 3342 484 3410 topandium
503 3351 593 3410 ternpus
610 3341 681 3394 aliter
728 3341 834 3411 placeret
851 3342 892 3394 hic
909 3343 976 3412 prior
993 3341 1131 3410 conjodlura
1152 3343 1219 3397 Buri

189 3407 231 3459 hic
249 3411 339 3478 posuit,
355 3427 431 3478 quam
448 3409 520 3479 supra
539 3429 564 3476 5,
580 3430 620 3470 ιο,
632 3428 678 3476 45.
728 3411 827 3464 manni:
855 3412 948 3480 quibus
967 3429 1025 3465 vero
1045 3411 1103 3462 usus
1124 3411 1152 3462 srt
1169 3414 1219 3470 Fa-

185 3477 226 3546 sq.
244 3479 274 3529 it.
288 3496 337 3546 94:
358 3479 408 3534 illic
425 3479 490 3530 enim
509 3497 553 3548 pro
569 3481 679 3549 praesenti
727 3481 795 3542 bius,
816 3483 843 3534 in
862 3493 932 3532 tanta
951 3481 1027 3550 strage
1044 3479 1116 3550 ipsius
1136 3498 1220 3535 exem-

189 3545 291 3600 adhibet
307 3547 354 3600 stne
369 3548 465 3612 dubio,
484 3548 525 3598 hic
538 3567 582 3618 pro
593 3549 680 3602 futuro
727 3549 844 3620 plasium,
855 3549 965 3602 divinare
981 3551 1022 3602 hic
1038 3550 1138 3618 quidem
1151 3547 1216 3601 diffi-

189 3617 309 3686 proxime.
339 3618 384 3670 Sed
400 3617 476 3669 etiam
487 3617 679 3688 stribligoquae-
702 3657 705 3662 ,
726 3619 783 3673 cile.
804 3619 890 3674 Unum
901 3620 974 3671 addo.
1003 3619 1027 3670 Si
1048 3635 1146 3688 qaorum
1156 3620 1219 3689 fient

187 3687 256 3748 dam,
268 3698 334 3739 certe
353 3687 512 3757 negligentia,
533 3687 573 3739 hic
594 3689 678 3758 depre-
726 3689 759 3742 est
770 3707 785 3742 a
796 3689 985 3760 Qindiiliano3
1002 3689 1109 3741 duorum
1120 3691 1216 3760 tempo*-

189 3756 313 3818 henditur,
336 3775 387 3825 qua
408 3757 514 3809 liberum
537 3757 580 3808 esse
605 3758 678 3817 velim
726 3777 781 3810 rrun
801 3760 950 3823 mentionem
971 3767 1027 3810 ante
1049 3755 1125 3809 fecitz
1157 3775 1216 3811 nam

188 3827 305 3878 Fabium.
324 3827 384 3893 Ait,
397 3825 497 3896 Qiaestio
513 3827 559 3878 An
574 3825 677 3879 fecerit?
727 3828 788 3879 alias
799 3826 903 3888 dixisset,
914 3827 991 3895 cujus,
1003 3825 1041 3879 rel
1052 3825 1078 3878 in
1088 3843 1133 3896 quo
1143 3829 1214 3899 stent.

186 3894 678 4032 ιιιιιιιιιιιιιι
728 3894 1140 4034 teter,
1153 3897 1219 4018 ἰτ
1286 3991 1288 3994 .

187 3983 361 4100 aconidutio?
379 3983 509 4104 niinputd.
540 4035 592 4088 Nee
610 4037 676 4088 enirn
724 3984 773 4099 sis,
791 4001 840 4088 ndu
857 3985 933 4106 posili
948 3984 1214 4104 precedeiequoirime

184 4101 274 4171 incipit.
287 4122 305 4156 a
325 4107 459 4175 conjuntlo,
475 4105 502 4157 h.
521 4120 544 4156 e.
565 4103 596 4156 ab
615 4103 676 4176 inst·
724 4117 749 4156 et
775 4117 857 4156 tannen
878 4105 962 4176 sonus,
984 4103 1085 4166 clamor,
1108 4103 1218 4174 gemitui

184 4172 277 4241 quenti,
289 4173 326 4224 sed
344 4175 381 4224 ad
395 4172 603 4242 illudptrgitvel
616 4181 675 4242 pro-
724 4172 779 4226 sunt
799 4174 924 4244 presentis
946 4173 1074 4244 temporis,
1096 4173 1213 4238 latitatis,

178 4241 304 4310 greditur.
330 4243 389 4296 Aut
406 4243 485 4314 igitur
497 4245 610 4312 Zeugma
628 4244 675 4296 hoc
715 4242 978 4314 ·metus,insequentia.
1035 4265 1038 4272 ·
1104 4243 1105 4250 ’
1201 4247 1206 4256 ’
