3000 4908
415 423 584 488 lusTt'r.
601 411 806 483 ORATOR.
828 419 911 484 ΜΒ.
932 419 980 478 V.·
994 438 1039 492 14.
1180 429 1242 494 ¹327
1333 497 1335 504 J

217 583 317 668 primu
344 582 476 662 intentio,
505 583 641 648 seeundo
668 582 810 670 ciffum,
842 581 936 646 tertia
965 581 1124 646 connexim
1154 580 1243 647 Nam

217 667 415 737 confirmatio
438 669 559 754 primu,
583 689 620 731 ao
643 669 787 732 secundae
809 668 905 752 partis
928 665 1103 743 exornatio,
1125 659 1240 729 eisdem

186 758 203 824 7
218 753 329 816 cedere
344 755 478 839 pofl'unt,
494 754 609 838 quibus
624 747 844 837 subjiciuntur.
889 751 1058 818 Surnomus
1079 765 1184 814 autem
1201 752 1253 814 ex'

218 837 374 902 Cicerone
388 838 528 923 quinquo
542 837 679 923 partium
700 837 895 921 exemplum.
939 835 1054 898 Melius
1094 837 1240 915 ribemon-

218 929 268 986 [ur
281 947 328 1000 ea,
343 947 412 1009 puae
427 923 539 1007 consilio
558 933 714 1020 reguntur,
729 945 818 1006 quam
839 944 907 1007 qum
919 919 987 1004 firm
1008 859 1119 1002 modeim
1141 920 1240 982 othni..

217 1005 391 1090 nssrautur.
437 1011 531 1072 Hanc
546 1028 679 1090 primam
699 1020 819 1091 partem
844 1017 1031 1068 numerant:
1056 1027 1125 1068 earn
1149 1003 1240 1066 dein-

218 1113 294 1176 ceps
308 1092 484 1156 rationibus
498 1091 601 1171 variis,
617 1105 650 1154 et
664 1113 760 1176 quom
775 1089 984 1174 copiofiflinris
1005 1089 1107 1152 verbis
1126 1095 1242 1184 appro-'

217 1175 283 1240 bari
299 1189 414 1261 putant
427 1189 583 1263 oportere.
628 1178 701 1240 Hoc
716 1197 778 1261 ego
792 1188 895 1238 totum
919 1185 1017 1236 euml²
1041 1172 1094 1236 sua
1118 1187 1240 1239 rationo

217 1281 317 1325 unum
334 1274 433 1345 puto:
457 1261 575 1345 alioqui
598 1261 617 1322 fi
640 1251 721 1324 ratio
741 1281 812 1344 pars
827 1260 881 1336 ost,
896 1260 937 1320 est
959 1271 1065 1320 autem
1087 1257 1170 1322 varia
1189 1279 1239 1322 ra·
1290 1261 1294 1266 ”

184 1334 202 1396 3
217 1343 276 1421 tio,
293 1344 398 1429 piures
412 1359 514 1430 partes
528 1343 588 1409 esse
601 1343 757 1426 dicantur.
800 1341 1030 1406 Affumtionem
1047 1339 1161 1406 deinde
1183 1364 1240 1426 por·

217 1428 277 1504 nit,
292 1429 385 1492 Nihil
398 1442 493 1494 autem
507 1429 631 1492 omnium
644 1453 742 1492 rerum
755 1427 869 1504 melius,
884 1451 974 1514 quam
990 1422 1080 1492 omnis
1099 1429 1237 1505 mundus,

150 1561 153 1566 .
217 1513 452 1598 administratur.
497 1512 604 1598 Hujus
618 1513 813 1576 afl'umtionis
825 1523 939 1598 quarto
954 1511 987 1576 iu
1002 1511 1075 1574 loco
1089 1512 1150 1576 'am
1165 1533 1239 1597 por-

216 1617 253 1658 ro
267 1597 424 1662 inducunt
438 1599 669 1682 probationem,
685 1597 806 1683 dequo
825 1597 909 1660 idem
922 1609 947 1676 ¹¹,
962 1595 1049 1680 quod
1071 1537 1171 1682 sirpra,
1188 1595 1238 1658 di.

181 1693 267 1757 ooo.
313 1677 441 1746 Quinto
465 1683 623 1748 inducunt
647 1681 720 1746 Ioco
743 1681 1011 1767 complexionem,
1025 1703 1097 1765 quae¹
1124 1694 1180 1744 aut
1205 1679 1240 1747 id

119 1791 122 1802 “
216 1763 313 1830 infert
326 1767 440 1844 solum,
454 1767 541 1851 quod
556 1789 594 1831 ex
608 1767 759 1830 omnibus
774 1766 917 1852 partibus
932 1765 1069 1854 cogitur,
1085 1763 1148 1835 hoo
1167 1789 1238 1830 mo·

138 1839 159 1865 '‘
217 1849 271 1926 do,
290 1851 410 1936 Constlio
425 1853 520 1936 igitur
533 1853 658 1917 mundus
673 1851 915 1936 adminssrotur:
939 1861 1006 1926 aut,
1021 1873 1122 1914 unum
1137 1851 1169 1912 in
1186 1851 1237 1914 lo-

217 1955 291 2005 cum
308 1957 382 2000 cum
398 1937 585 2000 conduxerit
598 1936 733 2002 breviter
749 1936 987 2020 propositionem
1002 1948 1011 1972 ¹
1030 1949 1063 1998 et
1077 1935 1241 2010 assumtio-v

217 2039 303 2097 nem,
319 2021 477 2108 adjungit,
491 2021 588 2106 quid⁸
604 2043 643 2086 ox
657 2021 708 2084 his
723 2021 921 2098 conficiatur,
936 2019 975 2084 ad
991 2017 1077 2084 huno
1092 2020 1239 2097 modum,

219 2105 340 2190 Quodst
353 2107 452 2172 melius
462 2121 622 2193 geruntur,
639 2129 706 2192 quae
721 2105 844 2190 oonsilio,
860 2130 949 2192 quom
964 2129 1031 2190 pute
1045 2105 1114 2188 fine
1127 2105 1239 2190 corsslio

216 2189 481 2276 administrandum
511 2191 589 2256 nihil
613 2204 709 2268 autem
734 2190 860 2254 omnium
885 2214 982 2254 rerum
1005 2191 1128 2270 melius,
1149 2215 1240 2278 quam

216 2275 307 2336 omnis
320 2277 458 2354 mundus,
474 2275 714 2360 administratum
728 2300 738 2338 .·
761 2275 871 2358 corfilio
885 2275 980 2360 igitur
994 2276 1120 2338 mundus
1140 2277 1238 2342 admi-

164 2371 203 2415 10
216 2357 370 2443 nistraeur.
415 2361 478 2425 eui
504 2363 585 2446 porti
608 2360 782 2424 consentio.
828 2362 863 2422 In
891 2360 994 2422 tribus
1015 2373 1135 2442 autem,
1160 2381 1240 2446 quas

216 2441 363 2520 fecimus,
379 2445 521 2528 partibus
545 2467 609 2509 non
632 2445 676 2508 est
697 2442 797 2508 forma
816 2442 878 2506 sem
922 2466 937 2506 r
956 2441 1079 2522 eedem,
1095 2444 1147 2508 sed
1162 2467 1238 2522 una,

214 2524 247 2588 in
263 2549 326 2612 qua
340 2527 424 2590 idern
445 2529 657 2608 conoiuditur,
673 2528 761 2616 quod
776 2466 963 2592 intenditeur.
993 2529 1106 2592 Animo
1119 2529 1237 2621 immor·

219 2729 415 2840 .¹’(i}nG.Jens.
478 2729 574 2778 qidG.
640 2730 863 2792 rexp0s.G.Jens.
939 2709 1028 2792 iquod
1041 2731 1072 2779 G.
1146 2730 1238 2790 ‘regi-

215 2802 252 2840 tur
288 2825 294 2840 .
548 2806 550 2808 ’

251 2957 277 3005 6.
296 2953 344 3006 erit
359 2954 444 3024 prima
464 2955 576 3022 intentio]
595 2959 652 3010 Non
665 2955 700 3010 sa·
749 2957 823 3010 xerit.
850 2957 1011 3010 Commodius
1022 2975 1082 3026 ergo
1094 2957 1194 3027 supras.
1210 2961 1237 3009 6.

216 3023 249 3074 tis
261 3026 389 3076 commode
400 3041 463 3086 eom,
473 3041 530 3094 quae
537 3027 658 3094 propqfiti'o
669 3023 701 3080 est
750 3038 798 3078 tres
822 3039 906 3096 parteo
923 3024 1025 3087 faceres,
1048 3028 1121 3088 Fabi,
1146 3029 1197 3096 (vel
1221 3027 1238 3078 li

216 3093 339 3155 Ciceroni,
351 3094 503 3147 intentionem
514 3109 595 3147 vocat.
623 3097 664 3147 Est
676 3116 700 3147 e·
750 3097 807 3162 quis
819 3097 925 3148 nimium
937 3098 984 3148 tibi
997 3097 1068 3152 licere
1086 3098 1111 3148 in
1128 3097 1236 3151 Fabium

215 3163 266 3214 nirn
289 3163 387 3216 intentio
410 3165 535 3234 probanda
560 3165 700 3236 propositio,
749 3165 859 3232 voluisti)
868 3164 1054 3234 propositionem,
1066 3165 1237 3234 qffumtionem,

215 3231 247 3282 est
258 3234 415 3285 materialiter·
427 3236 467 3302 (in
482 3235 619 3286 dialecticis
637 3236 701 3286 enirn
749 3234 940 3302 complexionem,
953 3247 977 3286 ct
990 3236 1028 3286 hie
1046 3236 1149 3297 diceres,
1161 3239 1237 3288 inter-

214 3301 290 3369 spinis
310 3304 444 3370 versamur)
465 3305 550 3356 eadem·
565 3317 621 3372 quae
642 3319 702 3356 con·
750 3303 810 3354 dum
822 3307 940 3372 proponi,
953 3305 1020 3372 quod
1032 3303 1124 3364 efficere
1143 3307 1236 3374 epichi-

215 3369 289 3420 clusro
312 3371 358 3422 five
381 3373 528 3440 complexio·
559 3375 632 3425 Facit
654 3373 700 3425 hoc
749 3385 840 3425 temate
863 3372 976 3434 velimus,
999 3389 1103 3442 eamque
1125 3375 1236 3426 intentio-

215 3436 702 3500 admissum,utdeindeetiam1210-
749 3459 803 3494 nem
825 3443 917 3503 vocari,
941 3459 1029 3510 neque,
1053 3457 1174 3509 quantum
1204 3445 1235 3495 ad

218 3523 259 3571 13·
281 3525 368 3576 pamm
387 3509 504 3578 exquifite
521 3512 626 3578 rationes
643 3512 700 3564 sub·
749 3528 810 3570 rem,
823 3529 837 3561 a
848 3511 1014 3580 complexione
1023 3511 1131 3563 differre.
1150 3515 1184 3562 Ut
1197 3530 1236 3562 ro-

213 3577 297 3637 ducot.
744 3579 814 3646 gatio
835 3581 876 3641 est,
891 3582 951 3630 durn
971 3581 1150 3651 promulgatur,
1162 3599 1234 3649 roga·
1255 3589 1258 3600 ¹

244 3660 294 3700 ro.
313 3645 375 3696 idem
386 3645 540 3708 concluditur,
551 3649 614 3718 quod
621 3646 700 3701 imen-
750 3659 808 3714 tur;
825 3649 875 3708 Iex,
888 3668 944 3702 cum
963 3663 1092 3719 perrogata
1106 3661 1130 3700 et
1142 3651 1236 3720 perlata

213 3715 293 3782 ditur]
313 3717 388 3767 Hica
407 3727 486 3784 paret,
497 3719 562 3783 quod
581 3719 654 3768 modo
670 3719 700 3770 de
748 3717 797 3768 cst:
817 3717 846 3769 sic
858 3717 965 3779 intentio,
978 3737 1034 3770 curn
1052 3721 1159 3786 primunr
1178 3739 1234 3790 pro·
1304 3769 1313 3780 ,

213 3786 300 3836 vitiosa
317 3735 480 3856 appeliatione
496 3785 632 3838 intentionis
646 3787 699 3839 dic·
748 3785 836 3848 fertur,
858 3787 985 3859 complexio
1012 3805 1069 3839 cum
1098 3791 1235 3857 approbata

214 3855 321 3906 turnest.
346 3856 370 3908 Si
383 3867 431 3906 tres
443 3855 497 3904 sont
509 3869 588 3924 partes
605 3856 699 3926 epichi·
748 3855 790 3907 eu.
827 3857 907 3908 Potest
929 3870 1012 3908 autem
1034 3869 1091 3907 tuto
1111 3859 1234 3912 interdurn

213 3925 323 3985 remotis,
347 3941 408 3992 quas
432 3925 557 3975 constituit
580 3925 598 3986 ss
622 3930 652 3977 6:
681 3924 698 3978 fi
747 3927 830 3976 omitti
842 3923 978 3993 complexio,
990 3944 1047 3977 cum
1058 3925 1156 3978 intentio
1177 3947 1234 3997 pro·

212 4010 285 4060 porro
305 3995 346 4044 hic
365 3995 429 4044 idern
447 3994 613 4056 concluditur,
630 3995 698 4062 quod
746 3994 797 4046 lata
816 3995 857 4056 est,
876 4007 900 4054 et
922 4011 947 4046 v.
965 4013 991 4049 v.
1012 3995 1093 4048 Potest
1110 3999 1233 4052 interdum
1278 3997 1282 4002 ’

213 4061 358 4123 intenditur,
370 4061 474 4130 affiemtio
492 4063 537 4113 erit
548 4074 628 4114 totum
641 4065 696 4126 hoc,
741 4063 864 4132 propofitio
874 4077 992 4132 tanquam
1002 4077 1060 4116 nota
1068 4067 1183 4128 omnibus
1195 4079 1233 4118 at·

213 4129 290 4190 Nam,
301 4129 416 4200 quidquid
428 4149 460 4184 ex
465 4132 499 4209 se
516 4131 562 4202 ipste
573 4142 698 4197 movetur,
743 4129 795 4202 ,qne
808 4133 909 4185 indubia
919 4136 1049 4204 praeteriri,
1060 4135 1182 4190 interdum
1193 4139 1232 4209 as·

210 4198 344 4250 immortale
360 4201 407 4268 cst.-
426 4217 512 4251 anema
528 4211 609 4252 mutem
626 4205 698 4272 exse
740 4202 829 4273 sumtio
841 4204 890 4254 &e

210 4267 262 4338 ipsa
273 4278 407 4336 movetur,
425 4269 493 4338 quod
511 4269 564 4322 sane
577 4287 648 4323 nemo
658 4272 697 4324 di-

752 4357 866 4426 r4¹
