3024 4912
362 409 532 502 tussis.
557 411 758 476 ORATOR.
785 411 870 476 ΜΒ.
891 412 946 477 tu.
969 429 998 495 5.
1168 431 1228 498 ³59

177 583 180 588 ’
202 576 346 644 continet
358 577 556 644 laudativum
570 578 603 642 in
618 577 648 644 se
662 601 776 667 genus,
791 577 917 644 itanon
940 578 1023 642 intra
1043 577 1106 645 hoc
1126 579 1230 646 solum

115 705 118 708 -
148 687 191 755 14
202 664 345 728 consrstit.
389 665 443 728 An
463 664 627 752 quisquam
644 664 806 751 negaverit
821 665 1032 751 Panegyricos
1053 665 1230 738 iurisiunis

201 747 284 814 csse?
320 748 424 836 Atqui
447 747 580 813 sormam
605 749 755 814 suadendi
781 749 911 828 habent,
927 763 960 812 et
987 749 1174 835 plerumque
1188 750 1230 815 de

200 834 394 900 utilitatibus
425 834 561 898 Graeciae
589 834 775 920 loquuntur.
820 836 869 897 Ut
898 834 1067 898 caussarum
1098 834 1230 919 quidem

200 941 319 1005 genera
341 919 402 982 tria
426 919 494 996 srnt,
510 918 561 982 sed
577 941 614 982 ea
634 932 701 983 tum
719 919 750 983 in
775 918 925 1005 negotiis,
941 931 1011 982 tum
1037 920 1069 982 in
1093 919 1229 988 ostenta-

202 1004 292 1068 tione
307 1005 415 1091 posrta.
459 1003 527 1067 Nisi
553 1003 633 1068 forte
652 1026 715 1066 non
738 1027 777 1068 ex
799 1006 912 1067 Graeco
933 1017 1094 1068 mutantes
1115 1007 1233 1068 demon·

191 1087 358 1173 strativum
372 1101 498 1167 vocant,
514 1110 623 1152 verum
645 1087 677 1151 id
692 1089 878 1175 sequuntur,
917 1088 981 1151 uod
1003 1089 1070 1156 laus
1091 1112 1130 1153 ac
1144 1089 1231 1153 vitu-

151 1195 189 1265 15
203 1173 324 1260 peratio
338 1173 431 1260 quale
447 1173 482 1236 srt
497 1173 638 1259 quidque
653 1173 852 1236 demonstrat.
929 1172 1055 1246 lterum,
1065 1175 1108 1240 est
1122 1175 1231 1236 delibe-

203 1261 359 1338 rativum3
385 1259 524 1322 'tertium
536 1247 697 1343 judiciale.
743 1260 865 1322 Ceterae
887 1257 1005 1356 species
1031 1259 1064 1322 in
1088 1259 1158 1322 haec
1173 1259 1235 1324 tria

204 1343 350 1408 incidunt
373 1365 510 1430 genera:
535 1365 595 1406 nec
621 1342 798 1408 invenietur
821 1365 859 1406 ex
880 1342 932 1406 hrs
952 1343 1028 1422 ulla,
1044 1343 1153 1429 inqua
1167 1367 1232 1410 non

205 1428 331 1494 laudare
355 1451 393 1494 ac
418 1429 599 1514 vituperare,
623 1427 698 1492 ants
711 1429 842 1514 suadere
863 1440 918 1492 aut
941 1429 1117 1513 diffundere,
1133 1429 1231 1492 inten-

204 1514 272 1578 dere
286 1513 376 1600 quid,
391 1513 440 1576 vel
457 1511 598 1599 depellere
612 1511 799 1578 debeamus.
843 1513 905 1578 illa
917 1503 1045 1600 quoque
1058 1513 1130 1577 sunt
1144 1535 1233 1577 com-

171 1633 175 1648 ·
205 1597 328 1677 munia,
345 1599 507 1675 conciliare,
522 1622 660 1676 uerrere,
675 1599 785 1675 docere,
806 1619 925 1683 augere,
941 1597 1070 1662 minuere
1081 1599 1234 1677 ⁸,-conci-

205 1683 311 1747 tondis
326 1683 587 1768 componendisve
600 1683 755 1770 effidibur
770 1685 881 1748 auiuros
896 1682 1094 1747 audientium
1098 1683 1235 1770 fingere.

157 1769 260 1838 16'Ne
274 1769 325 1832 his
349 1768 479 1856 quidem
504 1767 694 1844 accesserim,
712 1769 768 1852 qui
787 1767 977 1832 laudativam
1002 1771 1166 1832 materiam
1183 1771 1234 1834 bo·

208 1851 360 1950 nesiorum,
376 1852 614 1918 deliberativam
635 1853 765 1932 utilium,
783 1851 969 1938 judicialem
982 1851 1130 1938 justorum
1144 1876 1235 1940 quae·

209 1939 306 2002 sirone
329 1937 485 2002 contineri
509 1949 633 2024 putant,
650 1937 743 2001 celeri
768 1937 872 2023 magis
890 1958 926 2000 ac
948 1937 1086 2002 rotunda
1106 1940 1150 2002 usr
1172 1938 1236 2002 dis-

207 2023 391 2100 tributione,
415 2036 510 2108 quam
535 2044 618 2085 vera.
663 2023 755 2086 Stant
777 2024 863 2088 enim
887 2021 1026 2106 quodam
1049 2023 1147 2086 modo
1160 2045 1234 2086 mu-

203 2109 273 2173 tuis
295 2108 421 2173 auxiliis
444 2107 562 2170 omnia.
607 2107 691 2170 Nam
716 2121 749 2170 et
774 2107 806 2169 in
823 2106 916 2170 laude
931 2105 1052 2192 justitia
1066 2107 1236 2206 utilitasque
1292 2141 1297 2148 ·

208 2196 393 2272 tradantur,
409 2205 442 2257 et
456 2191 488 2254 in
503 2191 640 2255 consiliis
660 2191 811 2277 brussor.-
834 2206 867 2255 et
889 2213 958 2254 raro
975 2191 1164 2289 judicialem
1185 2217 1236 2258 ru·
1309 2266 1312 2278 Ι

209 2281 331 2345 veneris
355 2277 502 2354 caussam,
519 2277 549 2339 in
574 2275 665 2362 cujus
689 2298 754 2340 non
778 2288 867 2364 parte
888 2275 1007 2362 aliqurd
1024 2297 1148 2356 eorum,
1164 2302 1238 2366 quae

207 2362 461 2450 supradiximus,
476 2361 658 2448 reperiatur.
962 2407 964 2414 .
1138 2361 1144 2376 ‘

256 2449 296 2511 V.
320 2446 436 2511 Omnis
458 2460 564 2510 autem
584 2446 684 2510 oratio
699 2447 828 2525 constat,
843 2455 898 2510 aut
911 2467 951 2508 ex
974 2443 1037 2525 his,
1052 2468 1124 2531 quae
1140 2447 1237 2534 figni-

211 2534 357 2610 ficantur,
373 2541 428 2595 aut
451 2553 491 2596 ex
514 2531 581 2610 his,¹
592 2553 666 2617 quae
689 2530 875 2617 significant,
890 2529 923 2594 id
938 2530 991 2610 est,
1007 2531 1103 2611 rebus,
1119 2546 1153 2595 et
1167 2559 1238 2598 ver-

212 2619 267 2682 bis.
312 2619 337 2680 F
337 2617 457 2680 acuitas
472 2615 581 2679 orandi
604 2615 839 2680 consummatur
860 2629 984 2692 natura,
999 2620 1076 2694 arte,
1092 2619 1238 2682 exercita.

212 2705 309 2767 tione.-
340 2702 393 2766 cui
414 2714 558 2788 quartam
584 2713 704 2786 partem
725 2700 878 2786 adjiciunt
901 2701 1030 2785 quidam
1053 2702 1238 2782 incitationis,

178 2807 198 2856 2
235 2809 309 2852 uam
323 2803 381 2851 nos
396 2786 456 2848 arti
470 2784 664 2870 subjicimus.
706 2786 781 2848 Tria
794 2785 865 2848 sunt
879 2784 958 2847 item
970 2785 995 2860 ¹¹,
1012 2807 1085 2870 quae
1099 2789 1239 2870 praeslare

203 2811 309 2938 ‘debet
333 2883 450 2949 orator,
466 2883 500 2932 ut
522 2869 920 2950 prraesumendum.
965 2871 1047 2932 Haec
1066 2871 1152 2934 eninr
1173 2872 1240 2936 cla-

211 2959 276 3022 rior
300 2956 419 3035 divism,
436 2975 532 3041 quam
547 2974 670 3032 eorum,
686 2955 742 3039 qui
757 2965 862 3018 totum
880 2975 960 3038 opus
975 2953 1007 3015 in
1033 2977 1079 3016 res
1094 2956 1174 3018 etin
1190 2957 1242 3044 (ff

201 3044 304 3129 fessus
318 3040 507 3129 partiuntur.
550 3039 626 3101 Non
642 3038 763 3124 semper
777 3053 884 3103 autem
898 3037 1006 3101 omnia
1019 3037 1051 3102 in
1068 3061 1150 3117 esur,
1167 3065 1241 3128 quae

212 3128 408 3204 trasiabitur,
424 3122 589 3188 materiem
604 3122 717 3188 cadent
729 3124 749 3187 ¹.
794 3125 897 3187 Erunt
920 3122 1004 3186 enim
1026 3124 1171 3208 quaedam
1187 3149 1239 3191 re-

202 3215 308 3276 'motae
332 3213 372 3275 ab
397 3210 584 3274 affeetibus:
607 3208 676 3306 qui,
692 3220 729 3271 ut
752 3229 816 3272 non
841 3209 961 3293 ubique
983 3206 1103 3274 habent
1118 3209 1239 3291 locum,

179 3316 198 3382 3
213 3297 258 3362 ita
272 3317 475 3382 quocumque
497 3295 680 3380 irruperint,
695 3291 867 3380 plurimum
892 3288 1008 3358 valent.
1053 3294 1240 3362 Praeslantis-

248 3514 315 3567 fons.
327 3518 358 3566 G.
368 3515 431 3563 sens.
524 3515 687 3564 ‘diminuere
698 3516 728 3563 G.
740 3513 803 3562 Jens.
874 3512 998 3561 *tutem
1010 3512 1040 3562 G.
1050 3514 1113 3562 Jens.
1126 3527 1148 3563 er
1159 3516 1190 3564 al.
1202 3527 1239 3580 ap.

215 3577 294 3632 Burin.
359 3581 474 3629 ¹cadunr
485 3578 516 3626 G

253 3759 295 3806 r4.
307 3741 421 3808 firmam
429 3739 564 3814 stradeneis]
589 3739 704 3793 Isocratis
753 3751 838 3798 tentet.

216 3829 242 3866 v.
264 3832 292 3882 g.
315 3812 484 3882 Panegyricus
507 3811 590 3866 suadet
612 3809 705 3862 bellum
787 3813 857 3870 V‚r.
870 3804 1023 3874 imitatione]
1037 3809 1175 3862 Audierad
1189 3811 1240 3863 He.

216 3887 301 3936 euntia
320 3881 453 3934 Barbaros.
484 3881 551 3932 Hinc
568 3895 627 3948 ergo
646 3897 704 3930 con·
753 3896 821 3930 reon.
836 3898 859 3931 c.
874 3897 900 3930 2.
922 3879 980 3930 Hac
990 3877 1071 3932 omnia
1082 3879 1160 3932 tribus
1171 3879 1242 3931 rebus

203 3951 305 4012 -sludit,
330 3952 469 4004 interraneis
490 3950 509 4002 s.
532 3948 703 4018 ostentarivum
751 3948 840 4016 assequi
853 3947 994 4015 poterimus,
1014 3959 1080 4010 arte,
1098 3949 1241 4011 imitatione,

203 4029 306 4088 ⁸genus,
319 4020 394 4072 latius
406 4029 498 4088 patere,
509 4032 534 4070 et
551 4020 599 4070 tria
616 4034 704 4087 genera
751 4015 934 4068 exercitatione.
961 4018 1059 4069 Scilicet
1070 4029 1188 4070 naturum
1199 4036 1242 4070 ex-

204 4089 355 4158 xsmplesli,
369 4089 528 4156 inquantum
546 4103 575 4139 ea
590 4087 637 4139 hoc
650 4099 704 4138 tan·
753 4086 850 4137 cludere
870 4103 918 4140 nou
938 4083 1023 4157 potest,
1044 4086 1083 4144 sed
1099 4091 1170 4158 ponit
1186 4083 1241 4144 eam

203 4167 271 4210 rum
282 4157 326 4212 fibi
336 4158 428 4214 habent
438 4156 598 4228 propositum,
609 4167 638 4208 ut
649 4173 705 4207 ors·
754 4155 838 4210 adesse.

215 4237 256 4282 ter
268 4229 319 4281 vim
330 4223 398 4280 sn‘arn
415 4227 559 4282 demonstret
577 4239 651 4298 atque
667 4224 705 4278 os·
