3000 4908
224 393 285 474 368
454 417 459 430 “
478 396 524 458 Μ.
546 394 670 458 FABH
692 389 1034 458 nutrientium

230 563 286 643 est,
302 573 340 626 ut
352 577 414 626 eu0
437 557 501 626 sole
514 559 573 625 eise
594 557 787 625 contendam
799 583 809 640 ς
833 557 938 648 quinp
962 558 1064 626 immo
1088 557 1199 624 hortor
1221 549 1268 626 ad·

233 648 454 798 duaeoendum’
471 658 505 710 et
518 643 651 710 inveniri
667 643 749 732 poffe
770 644 893 710 fateor:
916 667 989 732 quae
1011 659 1119 711 umen
1141 645 1265 732 adjecta

249 732 365 812 uerint,
381 747 444 796 non
464 731 603 796 multum
627 731 667 794 ab
690 729 741 792 his
763 729 991 796 abhorrebunt.
1034 733 1134 796 Nunc
1156 729 1264 796 brevi-

235 829 298 896 ter,
313 815 585 904 quemadmodum
601 815 637 880 fit
650 815 808 880 utendum
823 813 885 896 his,
900 815 1014 903 subjun
1058 839 1104 880 m.
1147 815 1301 880 Turdi-e

235 911 307 974 turn
332 901 398 968 fere
423 899 476 979 est,
492 900 715 998 Argumentum
739 913 866 986 oportere
888 901 940 988 effe
962 838 1141 990 confinem:
1166 901 1266 966 dubiis

237 987 314 1052 enim
335 986 458 1074 probari
482 985 575 1050 debut
594 983 646 1071 qui
659 985 801 1072 poffient?
822 985 982 1052 Quaedcnn
1004 999 1123 1066 nmen,
1136 1009 1208 1072 quae
1231 987 1267 1050 in

237 1070 368 1140 alterius
392 1071 437 1136 rei
466 1069 689 1157 probationem
714 1068 875 1150 ducimus,
899 1070 964 1158 ipsa
990 1071 1155 1160 probanda
1183 1071 1267 1138 sunt.

242 1155 377 1242 Occidsse'
400 1156 511 1236 uirrem,
541 1179 607 1219 eras
630 1155 706 1218 enim
732 1153 882 1220 adultera.
927 1156 1016 1222 Prius
1040 1155 1081 1222 de
1110 1155 1269 1222 adulterio

240 1241 495 1307 convincendum
511 1241 564 1319 est,
581 1253 630 1319 ut,
646 1262 721 1304 cum
737 1240 770 1305 id
784 1241 917 1326 coeperit
936 1239 998 1308 effe
1021 1263 1077 1330 pro
1098 1255 1197 1320 certo,
1213 1241 1270 1306 fiet

239 1327 354 1399 incerti
367 1339 608 1392 arcumentum.
654 1325 804 1412 Spiculum
826 1339 909 1390 tuum
930 1327 963 1390 in
983 1341 1099 1414 corpore
1117 1326 1201 1412 occist
1219 1327 1268 1390 in·

161 1407 164 1419 ¹
240 1425 392 1477 verteme
428 1411 679 1498 :negatsuumr
701 1424 740 1474 ut
748 1409 932 1511 probationi
968 1410 1053 1490 rosit,
1068 1411 1269 1498 probandum

241 1499 298 1570 eii.
342 1496 428 1568 Illud
442 1495 504 1560 hoc
518 1495 591 1560 loco
606 1515 735 1560 mouere
749 1507 830 1560 mter
848 1517 927 1562 nece
950 1495 1016 1562 aria
1029 1497 1084 1576 est,
1100 1496 1189 1560 nulle
1208 1497 1301 1580 effes

241 1579 391 1659 finniora,
408 1603 505 1668 quern
519 1603 592 1668 quae
607 1601 646 1646 ex
659 1579 769 1646 dubiis
786 1581 870 1646 faeta
890 1581 962 1646 sunt
983 1593 1080 1646 certa.
1125 1583 1227 1646 Caedes
1249 1606 1270 1650 o

214 1738 218 1748 ¹
241 1679 271 1733 te
283 1667 426 1753 commista
442 1664 491 1751 est,
506 1677 656 1730 cruentam
671 1663 765 1730 enimq
780 1665 884 1751 vestem
899 1665 1042 1753 habuisti:
1065 1689 1129 1730 non
1144 1667 1189 1732 est
1203 1681 1271 1736 tam

301 1773 339 1818 ve
354 1763 594 1838 argumentum,
609 1751 629 1813 fi
645 1748 774 1830 fatetur,
789 1773 886 1836 quem
902 1752 922 1818 st
937 1751 1149 1818 convincitur.
1170 1751 1270 1830 Nam,

254 1861 265 1902 ι
288 1835 418 1914 fatetur,
433 1835 546 1900 multis
567 1857 608 1898 ex
633 1836 741 1900 cauffis
756 1837 862 1922 potuit
877 1850 1008 1910 cruente
1031 1835 1092 1904 effe
1114 1837 1226 1917 vestim
1249 1835 1272 1902 fl

245 1934 355 2012 neget,
370 1919 422 1984 hic
437 1920 549 1986 ceussae
570 1919 730 1986 cardinem
789 1921 849 2001 nit,
866 1922 899 1986 in
922 1921 1023 2009 quosr
1046 1921 1149 1988 vibius
1163 1921 1271 2002 fuerit,

245 2007 344 2074 etiam
358 2005 392 2070 in
406 2005 612 2092 sequentibus
626 2005 702 2070 ruit.
746 1943 822 2070 bion
837 2007 924 2072 enim
943 2005 1070 2071 videtur
1091 2007 1123 2071 in
1147 2029 1187 2070 ne
1233 2029 1272 2071 n-

245 2091 290 2158 do
313 2090 507 2156 mentiturus
529 2089 630 2167 fuiffe‚
646 2091 700 2154 nifi
723 2089 919 2177 desperaffet,
935 2091 968 2156 id
989 2091 1074 2179 poffe
1094 2091 1188 2156 defen
1213 2091 1272 2172 ⁸,fi

246 2175 464 2242 confiteretur.
509 2174 704 2240 Firmiffimis
719 2189 984 2263 argumentorum
1005 2175 1136 2264 singulis
1155 2177 1307 2258 iudan-4

245 2260 340 2341 dum,
355 2259 528 2326 infirmiora
541 2259 766 2348 congreganda
780 2260 872 2325 finnt:
895 2261 972 2349 quia
986 2261 1041 2326 illa
1053 2283 1108 2348 per
1121 2259 1153 2326 se
1167 2261 1273 2343 fortia,

248 2359 314 2412 uon
337 2355 463 2432 oportet
485 2343 759 2412 circumstantibus
780 2345 958 2427 obscurare,
981 2360 1030 2427 ut,
1056 2346 1164 2434 qualia
1188 2348 1273 2428 sunt,

247 2429 436 2520 cppereant:
466 2429 549 2506 haeo,
572 2430 734 2496 imbecilla
755 2444 878 2510 natura,
903 2444 1020 2497 mutuo
1044 2431 1165 2497 auxilio
1185 2431 1273 2498 susti·

247 2529 377 2584 nentur.
421 2515 534 2602 itaque
546 2528 569 2596 ¹,
585 2515 605 2580 fi
621 2537 683 2580 non
699 2516 824 2602 poffunt
841 2516 957 2596 velere,
972 2517 1049 2603 quie
1069 2539 1186 2604 magne
1209 2533 1307 2600 noo5

249 2603 334 2681 sunt,
349 2601 514 2679 valebunt,
528 2601 604 2686 quie
616 2601 721 2665 multa
734 2601 817 2681 sunt,
856 2625 903 2668 ue
925 2603 966 2666 ed
979 2601 1118 2690 ejusdem
1133 2602 1179 2667 rei
1200 2623 1274 2689 pro·

248 2685 413 2752 bationem
437 2685 546 2750 omnia
566 2685 717 2772 speciant.
761 2623 857 2766 Uni
882 2687 956 2774 quis
978 2687 1161 2752 hereditatis
1173 2686 1278 2775 gretie

247 2770 414 2838 bominem
429 2769 577 2836 occidisse
596 2769 733 2850 dicatur,
750 2769 954 2836 Hereditatem
963 2772 1124 2860 sperabas,
1139 2785 1168 2836 et
1187 2797 1276 2860 meg·

249 2881 321 2926 nom
336 2857 537 2937 hereditatem,
552 2868 581 2919 et
596 2873 713 2944 pcreper
727 2880 805 2936 eras,
820 2869 847 2920 et
863 2870 926 2922 tum
940 2857 1067 2922 maxime
1081 2881 1102 2922 a
1122 2857 1276 2932 creditori·

250 2942 304 3006 bus
318 2939 541 3030 appellaberis.-
563 2953 591 3004 et
608 2941 774 3090 ssendercr
789 2967 864 3023 eum,
881 2943 963 3030 cujus
978 2945 1059 3006 heres
1073 2967 1151 3024 eres,
1167 2956 1195 3006 et
1209 2967 1276 3006 mre·

251 3039 385 3092 renerum
408 3024 528 3090 tabulas
542 3025 606 3112 scie
626 3051 671 3090 os.
716 3026 851 3126 Singula
872 3027 957 3094 levia
974 3027 1058 3107 sunt,
1074 3042 1107 3092 et
1127 3049 1275 3093 commu·

250 3109 329 3176 nia:
351 3109 494 3176 universe
506 3131 581 3174 vero
595 3125 725 3190 nocent,
739 3111 879 3182 etramfi⁸
908 3134 973 3176 non
1000 3125 1039 3178 ut
1062 3111 1210 3194 fulmine,
1225 3126 1276 3178 ta-

234 3245 236 3250 .
251 3215 328 3260 men
341 3207 381 3259 ut
400 3192 567 3283 grandine.
611 3195 769 3265 Quaedam
784 3209 975 3295 argumente
989 3217 1105 3286 ponere
1126 3197 1198 3260 satis
1212 3197 1310 3262 nond

239 3280 307 3362 ⁸est,
320 3278 498 3344 ad‘uvande
520 3279 611 3344 sunt:
635 3293 682 3361 ut,
696 3283 731 3366 fi
742 3290 749 3321 ³
765 3283 913 3370 mpeditus
936 3281 1032 3368 ceuffir
1046 3281 1169 3379 sceleris
1182 3281 1254 3368 suit
1265 3307 1277 3362 ;

250 3389 321 3456 qua
352 3377 377 3428 et
389 3365 439 3428 vis
453 3365 534 3453 ejus:
557 3364 648 3443 ”ira3
671 3378 814 3452 quantum
829 3365 940 3452 efficiet
953 3367 986 3431 iu
1007 3367 1114 3430 anemis
1132 3368 1279 3436 hominum

252 3450 325 3519 ralis
338 3449 477 3550 efferim.-
499 3448 545 3516 ite
558 3463 592 3514 et
614 3449 753 3516 firmiore
766 3466 859 3516 eruut
872 3452 949 3540 ipsa,
963 3465 998 3516 et
1020 3451 1093 3538 plue
1112 3451 1280 3516 habebunt

252 3533 426 3616 decoranti
450 3553 514 3598 non
533 3532 637 3600 nudos
651 3548 685 3598 et
698 3535 788 3600 velut
808 3557 902 3601 carne
923 3535 1072 3624 spoliatos
1093 3551 1204 3601 artusv
1227 3537 1277 3600 os·

251 3619 424 3686 tenderiut.
467 3617 613 3684 Multum
628 3619 724 3684 etiem
739 3619 846 3700 refert,
861 3621 882 3684 st
904 3633 1094 3710 argumento
1115 3623 1314 3705 nitemur¹7

250 3705 330 3785 odii,
344 3715 470 3770 πίνακι*
494 3703 558 3768 hoc
581 3728 616 3768 ex
639 3705 760 3770 invidia
775 3705 821 3784 fit,
837 3729 879 3770 ou
893 3731 929 3770 ee
951 3707 1075 3794 injurio,
1091 3732 1133 3770 an
1154 3730 1190 3776 ee
1211 3729 1277 3768 ern·

252 3789 347 3854 bitu?
366 3803 464 3869 vetur,
480 3814 521 3853 an
536 3791 673 3853 novum?
694 3791 838 3876 adversus
852 3791 884 3854 r'n
900 3790 1032 3872 eriorem,
1043 3805 1158 3878 parem,
1174 3791 1278 3877 cnsu-

271 3875 418 3940 eriorem?
447 3869 579 3938 alienum
605 3897 647 3936 an
663 3875 877 3972 propinquum.
921 3877 1003 3940 Suos
1028 3877 1148 3942 habent
1171 3874 1281 3938 omniu

249 3961 306 4026 istu
319 3957 482 4039 tradatur,
499 3971 533 4023 et
546 3956 587 4022 ad
600 3957 774 4024 utilitatem
789 3961 886 4048 partis
902 3959 983 4048 ejus,
999 3981 1098 4046 quam
1116 3967 1247 4025 tuemur
1255 3973 1280 4039 ⁸,

285 4143 415 4193 ‘meeth
457 4144 689 4206 rqoiimmotmt.
737 4145 926 4196 noer.G.Jens.
974 4143 1235 4208 ‘Itaquaenonpoffi
1249 4105 1298 4192 Ge

250 4205 551 4259 remunetiemrenr.
617 4209 802 4260 wunnerus.
868 4209 1015 4274 'Forteinfl
1027 4209 1054 4257 ti.
1111 4207 1282 4266 veneticus.

170 4301 172 4308 ν
251 4270 317 4324 mle.
380 4277 511 4335 {utemur
521 4273 552 4322 G.
559 4281 615 4340 pute
625 4278 691 4324 reae.
754 4281 769 4312 2
785 4273 857 4326 nnG.
921 4273 1074 4348 ⁸tnetntG·
1114 4325 1117 4329 ,
1179 4337 1182 4342 ,
1261 4317 1280 4332 .,
