3024 4912
262 423 320 482 230
499 409 544 468 Μ.
566 407 687 480 rnen
709 403 1054 467 ourucrrnrnnr

262 569 317 634 eui
341 581 418 636 note
439 569 540 636 caussa
561 572 615 650 est,
640 569 775 637 narratio
796 566 916 658 semper
938 570 1064 636 videtur
1084 571 1285 658 supervacua,
1383 653 1387 660 Ι

261 657 361 740 potest
384 657 483 722 videri
504 677 567 720 non
590 657 712 742 semper
734 657 794 722 elle
815 655 945 721 etiami
968 656 998 719 sa
1012 656 1096 721 auio
1110 655 1285 720 necessaria.

262 740 411 805 Alterum
435 743 487 821 eil,
507 739 548 804 de
591 763 634 805 uo
656 741 853 828 frequentius
867 675 1028 826 quaeritur,
1043 743 1095 805 An
1119 740 1157 804 iit
1172 741 1286 830 utique
1299 751 1341 814 24

262 827 399 889 narratio
413 765 793 926 prooemioirrbjieiendar
816 826 903 928 quod
924 824 1006 912 qui?
1027 825 1206 912 opinantur,
1221 843 1286 890 non

261 909 386 1008 possunt
401 911 499 976 videri
514 911 601 974 nulia
614 912 735 976 ratione
749 911 847 976 duell.
890 912 976 974 Nem
997 931 1070 978 eum
1092 910 1285 1012 prooemium

261 993 383 1058 ideireo
397 1009 614 1084 comparatum
630 996 676 1075 fit,
692 1008 730 1060 ut
744 997 846 1085 judex
860 995 898 1060 ad
914 1017 979 1059 rem
1001 994 1216 1082 accipiendam
1230 995 1286 1060 fiat

262 1079 470 1162 conciliarier,
501 1080 634 1145 docilior
649 1095 674 1159 ι,
704 1093 739 1146 et
768 1080 942 1159 intentior3
978 1093 1012 1144 et
1044 1080 1200 1168 probatio,
1228 1079 1283 1144 nili

262 1164 364 1227 caussa
377 1166 463 1264 prius
477 1166 694 1252 cognite‚'non
709 1165 800 1252 possit
819 1165 983 1230 adhiberit
1007 1167 1150 1252 protinus
1171 1165 1285 1230 neritia
1384 1202 1391 1213 ·

149 1314 152 1322 ,
261 1269 368 1312 rerum
383 1251 580 1316 instruendus
593 1250 726 1316 videtur.
770 1250 832 1314 Sed
846 1250 908 1314 hoe
922 1271 1052 1338 quoque
1067 1250 1194 1313 interim
1207 1269 1281 1314 mu·
1297 1258 1337 1332 25

261 1343 309 1396 tat
323 1335 465 1399 conditio
486 1333 676 1403 caull'arum:
699 1335 755 1400 nili
769 1335 851 1400 sorte
872 1337 1002 1400 Marcus
1014 1335 1143 1400 Tullius
1157 1335 1189 1398 in
1211 1350 1284 1399 ora·

260 1417 349 1496 ¹tione
417 1419 597 1499 icheninm,
623 1443 720 1506 quern
743 1443 801 1508 pro
824 1419 948 1486 Milone
971 1419 1117 1506 scriptam
1142 1418 1285 1508 reliquit,

260 1503 345 1567 male
381 1505 503 1569 rstuliiie
517 1507 729 1570 narrationem
744 1506 867 1570 videtur
884 1505 985 1570 tribus
1006 1505 1179 1592 praepofitis
1192 1527 1283 1592 que-
1393 1522 1396 1528 '

262 1586 433 1653 ilionibus:
456 1603 513 1654 aut
526 1590 689 1674 profuisset
702 1611 870 1678 exponere,
939 1616 954 1654 o
975 1591 1057 1654 modo
1078 1587 1199 1674 infidim
1213 1591 1283 1656 Ml-

261 1672 443 1759 lonifcciffit
458 1675 629 1760 Clodius,fi
640 1700 731 1755 reum,
788 1677 798 1739 i
813 1701 832 1739 a
836 1678 874 1762 se
886 1676 1027 1739 hominem
1040 1675 1157 1763 occisum
1160 1674 1284 1762 fatere·

262 1769 321 1835 tur,
339 1760 457 1844 defendi
469 1760 644 1846 omninofas
658 1701 845 1850 mensibu
869 1773 924 1824 aut
933 1761 1040 1844 stjam
1050 1759 1282 1848 praejudiciosi-

163 1909 168 1922 ι
260 1855 348 1906 natus
363 1845 522 1910 damnatur
536 1847 716 1931 effitMi103
740 1861 794 1910 aut
806 1846 837 1934 st
850 1847 906 1910 Cn.
924 1845 1087 1933 Pompeius,
1104 1847 1156 1934 qui
1167 1857 1284 1933 propter

261 1927 396 2015 aliquam
406 1927 541 2016 &retiam
551 1931 705 2030 judicium
718 1933 860 1996 militibus
874 1932 997 1996 armatis
1011 1929 1156 2018 claustras
1165 1941 1187 2009 ‘,
1203 1941 1281 1992 tam-

170 2097 176 2104 ·
260 2037 350 2100 qnam
363 2017 505 2101 adversus
519 2015 743 2101 aestimaretur.
787 2019 875 2104 Ergo
888 2017 940 2080 hae
955 2037 1084 2116 quoque
1097 2012 1338 2101 quaeffione826

259 2097 324 2162 vim
348 2101 495 2186 prooemii
519 2101 721 2181 obtinebunt,
735 2125 809 2166 curn
832 2123 943 2165 omnes
959 2101 1102 2186 judicem
1124 2119 1281 2186 praepara-

149 2197 151 2202 ’
259 2183 372 2248 verint.
417 2185 499 2248 Sed·
514 2184 605 2248 aliter
617 2205 675 2270 pro
688 2189 725 2250 L.
742 2189 888 2252 Muraena
901 2187 1006 2271 postea
1025 2207 1154 2272 quoque
1176 2205 1280 2248 narre-

259 2266 318 2344 vit‚
334 2289 407 2332 curn
423 2269 547 2356 obieeta
560 2268 666 2335 diluit.
712 2271 810 2336 Quod
829 2270 884 2334 fiet
902 2269 1034 2349 utiliter,
1048 2271 1194 2356 quoties²
1217 2269 1280 2335 eri-

258 2371 333 2415 men
357 2375 420 2416 non
445 2354 661 2440 repellendum
685 2366 822 2433 tantum,
837 2353 890 2418 sed
912 2355 1007 2420 etiarn
1029 2354 1281 2420 transferendum

258 2437 331 2514 erit,
348 2451 396 2516 ut,
411 2437 498 2526 prius
513 2439 564 2503 hie
583 2438 726 2520 defense,
744 2441 830 2506 velut
852 2439 980 2504 initium
1003 2439 1041 2504 sit
1061 2440 1185 2504 alium³
1210 2438 1280 2504 eul-

257 2523 522 2607 pandinarratio:
547 2545 597 2588 ur
620 2525 652 2588 in
668 2545 826 2591 armorum
848 2525 972 2590 ratione
992 2524 1151 2612 antiquior
1164 2545 1280 2588 ceven-

258 2605 304 2684 di,
320 2629 417 2694 quam
434 2607 534 2673 iilum
548 2608 715 2688 inferendi,
731 2631 807 2674 eura
819 2611 872 2674 est.
916 2613 1019 2676 Erunt
1031 2609 1177 2696 quaedem
1192 2607 1280 2680 caui·
1293 2618 1334 2688 27

258 2691 299 2754 sae
326 2698 444 2780 (neque
459 2693 491 2756 id
507 2697 587 2776 raro)
605 2695 729 2760 crimini
741 2705 756 2736 ⁸
777 2694 920 2782 quidem,
935 2695 976 2760 de
1011 2717 1054 2759 uo
1068 2694 1211 2782 cognitio
1224 2695 1280 2774 est,

259 2775 369 2840 faciles
391 2778 562 2858 diluendo,
586 2780 640 2844 sed
654 2779 781 2858 ‚multis
809 2779 961 2844 anteailae
985 2717 1059 2844 litae
1089 2779 1218 2866 flagitiis
1247 2791 1282 2844 et

259 2861 409 2948 gravibus
424 2862 630 2942 criminibue²
644 2877 796 2930 oneratae:
819 2885 889 2951 quoe
904 2865 990 2952 prius
1005 2863 1184 2928 amolienda
1196 2863 1280 2943 sunt,

259 2960 296 3008 ut
318 2947 471 3032 propitius
487 2947 590 3034 judex
613 2948 823 3014 defensionem
836 2950 931 3099 ffsrus
952 2969 992 3013 ne
1037 2947 1085 3028 tii,
1101 2949 1192 3036 eujus
1206 2967 1287 3036 pro-¹

258 3031 325 3116 pria
340 3033 467 3117 quaeliio
483 3035 524 3097 eil
536 3045 561 3115 ³,
575 3035 706 3099 audiat:
729 3045 778 3115 ut,
794 3033 814 3098 fi
858 3033 990 3099 efenden
1015 3055 1052 3098 us
1072 3035 1115 3098 est
1135 3034 1187 3100 M.
1202 3035 1279 3100 Coe.

290 3249 378 3298 rste,
443 3251 562 3300 idonior
573 3252 603 3300 G.
668 3253 792 3302 rciuserar
802 3253 833 3300 G.
843 3217 916 3302 lens.¹
981 3251 1054 3303 ’sed
1065 3263 1107 3311 pro
1116 3251 1210 3324 Vareno
1221 3263 1280 3327 quo-

258 3313 1280 3449 reiurrrrrlelin1ituresnimium:mlle

258 3443 283 3490 d.
296 3458 319 3506 q.
330 3445 454 3505 cognitum
465 3446 498 3492 est
507 3444 779 3497 facileseddiluendum
791 3447 822 3496 G.
925 3453 939 3482 2
954 3445 1039 3496 m.G·
1134 3441 1282 3496 *miens

296 3656 338 3701 27.
357 3638 398 3688 M.
412 3637 514 3704 Callus]
536 3639 593 3690 Non
605 3636 746 3708 simpliciter
794 3639 833 3690 nie
845 3638 971 3690 materiam
983 3637 1043 3690 velit
1055 3637 1156 3699 sumere,
1168 3653 1278 3707 compre-

258 3706 299 3758 hic
310 3719 405 3776 enarrat
425 3709 529 3770 Fabius,
540 3708 601 3776 quid
623 3708 648 3761 in
665 3707 745 3760 Coeii·
794 3707 867 3762 hendi
879 3708 993 3767 crimina,
1005 3717 1030 3758 et
1040 3723 1090 3760 una
1105 3706 1210 3775 quadam
1221 3721 1278 3757 ore·

259 3793 304 3828 ana
325 3775 397 3840 canses¹
416 3777 498 3828 aeium
515 3775 542 3830 fir
560 3793 575 3828 a
591 3777 690 3830 duobus
702 3793 746 3846 pe·
793 3778 859 3830 tione
881 3774 980 3830 defendi
1008 3774 1103 3845 possuit.
1147 3775 1234 3828 linei

259 3845 336 3896 tronis
354 3846 473 3897 Cicerone
491 3856 516 3896 et
535 3844 627 3914 Crasso,
645 3847 745 3916 ipsoque
792 3847 868 3899 verba
882 3845 1035 3904 iudicarim
1047 3842 1224 3912 defendendae
1242 3869 1278 3890 -n-

258 3914 319 3966 adeo
330 3931 373 3984 pro
385 3913 407 3964 se
418 3913 516 3966 Coeiio:
536 3915 585 3986 ipse
604 3916 669 3967 enirn
680 3933 745 3984 quo·
793 3922 1096 3967 occurrat—narret-ex
1110 3911 1173 3964 iicet.
1209 3912 1277 3966 iliud

259 4001 307 4052 que
319 3984 415 4034 causam
427 3983 493 4034 suam
513 3984 543 4034 de
560 3984 585 4036 vi
603 3986 664 4057 egit,
676 3985 745 4055 quod
792 3983 822 4035 de
833 3983 898 4036 bonis
909 3982 986 4034 Palsae
1001 3982 1063 4052 quid
1093 3983 1165 4042 uerit,
1178 3981 1277 4050 ignora-

258 4069 306 4103 nnn
320 4069 348 4103 er
361 4053 406 4103 hoc
418 4051 495 4102 solum
513 4051 567 4104 loco
583 4063 693 4124 apparet,
705 4055 745 4107 sed
793 4063 844 4114 sur,
856 4052 937 4112 credo,
950 4051 1021 4104 hodie
1033 4071 1039 4102 z
1056 4047 1277 4104 ·defensnm.autem

256 4125 334 4172 etiam
354 4139 383 4173 ex
409 4139 451 4183 11,
478 4139 501 4183 ι,
524 4139 566 4186 5¹·
587 4125 645 4174 item
664 4139 695 4176 ue
714 4141 745 4178 ex
792 4123 939 4176 hoecrimen
950 4118 1128 4184 elleaCralio,
1140 4120 1228 4176 Cicero
1238 4121 1277 4175 ir·

259 4189 610 4257 Sueto.rleClar.Rirer.c.23
625 4141 744 4262 felque·
792 4191 859 4245 dicat
876 4207 957 4246 c.1o.
1311 4215 1313 4222 ·

258 4259 371 4322 modom
385 4260 442 4330 quis
460 4277 514 4313 eam
532 4261 575 4315 sibi
586 4261 743 4330 declamatio-
