3022 4920
251 411 292 477 92
487 399 533 460 M.
549 397 677 458 FABII
699 395 1044 460 QUINCTILIANI

252 561 328 630 dam
344 561 403 628 ell'e
418 560 545 642 falcem,
561 560 637 649 quia
650 559 852 626 reformidare
867 559 984 625 ferrum
1000 559 1158 642 videntur,
1174 569 1208 626 et
1228 561 1277 630 ci·

177 681 191 688 -
209 685 241 692 ·-
252 648 402 714 catricem
418 647 557 710 nondum
573 645 638 732 pati
653 645 745 732 polle.
780 647 948 712 Jucundus
962 667 1040 733 ergo
1053 659 1124 710 turn
1140 647 1279 713 maxime
1292 657 1333 712 12

252 733 349 798 debet
371 732 430 798 elle
453 753 555 818 praece
577 748 637 810 tor,
655 746 691 796 ut
717 752 1000 818 nnnan1A,quae
1023 730 1143 831 alioqui
1166 745 1279 799 namra

253 819 327 884 sunt
340 819 455 904 aspera,
469 819 480 856 ⁴
492 753 580 880 molli
596 839 693 882 manu
714 817 893 881 leniantur:
917 816 1044 880 laudare
1062 817 1181 904 aliqua,
1198 818 1278 883 ferre

254 903 414 992 quaedam,
429 915 553 967 mutare
572 903 679 981 etiam,
695 901 819 966 reddita
840 923 897 965 our
915 901 949 964 id
963 902 1017 966 liat
1031 903 1153 966 ratione
1167 928 1176 981 ;
1200 903 1278 970 illu-

252 987 385 1068 minare,
414 987 643 1074 interponendo
671 987 792 1072 aliquid
821 986 879 1050 sui.
923 989 1177 1074 Nonnumquam
1214 989 1279 1054 hoc

252 1095 382 1159 quoque
406 1073 466 1138 erit
491 1073 582 1151 utile,
598 1086 682 1136 totas
705 1073 805 1156 ipsum
829 1071 947 1135 didere
969 1073 1126 1152 materias,
1141 1096 1221 1160 quae
1244 1089 1279 1139 et

253 1159 396 1224 imitetur
409 1181 498 1246 puer,
514 1173 547 1223 et
560 1158 684 1222 interim
701 1171 865 1242 tamquam
880 1157 950 1222 suas
973 1170 1069 1222 amet.
1112 1159 1159 1222 At
1174 1160 1194 1222 st
1210 1173 1276 1224 tam
1292 1173 1330 1238 13

253 1244 426 1332 negligens
440 1245 469 1310 ei
484 1244 567 1308 stilus
583 1243 688 1320 luerit,
706 1255 742 1304 ut
756 1241 1014 1306 emendationem
1037 1265 1102 1307 non
1124 1243 1276 1331 recipiat:

252 1345 400 1416 expertus
416 1330 483 1396 sum
497 1328 647 1415 prodelle,
664 1327 812 1411 quoties⁶
835 1327 978 1392 eamdem
995 1327 1159 1394 materiam
1174 1329 1278 1395 rursus

252 1436 276 1480 a
286 1437 339 1480 me
353 1415 549 1481 retractatam
563 1414 584 1491 f,
600 1411 732 1503 scribere
746 1412 787 1474 de
802 1411 929 1500 integro
939 1412 1099 1499 juberem,
1111 1417 1187 1512 poffe
1201 1416 1278 1480 enim
1325 1443 1328 1452 ⁴

149 1561 151 1570 ,
253 1525 317 1564 eum
338 1503 435 1564 adhuc
458 1501 580 1562 melius:
612 1487 769 1584 quatitans
793 1498 884 1562 nullo
912 1498 1015 1584 magis
1043 1499 1152 1580 studia,
1179 1523 1277 1588 quam

252 1586 305 1672 spe
326 1585 481 1672 gaudent.
524 1584 628 1648 Aliter
648 1596 754 1647 autern
778 1583 839 1646 alia
859 1594 934 1646 retas
955 1584 1154 1648 emendanda
1174 1587 1228 1666 est,
1244 1601 1278 1651 et
1292 1598 1333 1662 14
1387 1639 1391 1662 ,

252 1692 311 1756 pro
325 1670 421 1734 modo
435 1670 548 1733 virium
572 1679 628 1732 etss
654 1667 849 1755 erigendum
874 1690 966 1754 opus,
983 1683 1016 1732 et
1037 1670 1277 1758 corrigendum.

254 1755 401 1820 Solebam
416 1777 480 1840 ego
493 1755 598 1818 dicere
611 1753 731 1839 pueris,
745 1753 868 1840 aliquid
886 1755 965 1818 aulis
978 1753 1127 1820 licentius
1142 1769 1198 1822 aut
1219 1757 1276 1820 lae-

251 1841 329 1918 tius,
353 1841 479 1904 laudare
499 1837 578 1903 illud
599 1864 644 1902 me
666 1840 784 1916 odhoc3
807 1851 966 1902 venturum
988 1852 1109 1927 tempus,
1144 1866 1180 1906 uo
1202 1843 1280 1906 idem

251 1951 310 1992 non
320 1927 537 2012 permitterem.-
560 1925 652 1988 itaet
669 1924 800 2010 ingenio
812 1925 1009 2010 gaudebant,
1026 1939 1059 1989 et
1073 1865 1199 2012 judicio
1213 1949 1277 1992 non

251 2011 451 2076 fallebantur.
496 2009 560 2074 Sed
586 2023 624 2074 ut
647 2031 686 2072 eo
709 2023 857 2088 revertar,
886 2009 974 2072 unde
1000 2012 1068 2074 sum
1094 2012 1276 2098 egrcllusl:
1293 2020 1330 2090 ¹5

252 2093 445 2161 narrationes
467 2095 535 2160 stilo
555 2093 703 2180 componi
728 2107 847 2180 quanta
869 2095 1008 2159 maxima
1030 2097 1122 2181 poffit
1136 2081 1280 2163 adhibita

252 2181 421 2269 diligentia
445 2181 529 2245 volo.
573 2182 660 2244 Nam
678 2193 715 2242 ut
732 2179 847 2265 primo,
871 2201 944 2243 oum
972 2179 1074 2244 sermo
1092 2181 1277 2264 instituitur,

251 2267 357 2338 dicere
370 2289 443 2352 quae
457 2265 629 2342 audierint,
644 2264 724 2330 utile
738 2267 780 2328 est
801 2265 905 2350 pueris
921 2264 1128 2352 adloquendi
1143 2267 1279 2332 faculta-

249 2363 351 2417 tatem
364 2377 373 2431 3
396 2351 531 2436 ideoque
546 2363 579 2414 et
592 2363 679 2415 retro
691 2371 787 2436 agere
806 2349 1030 2436 expofitionem
1042 2351 1064 2431 ¹,
1079 2365 1113 2416 et
1132 2375 1151 2416 a
1172 2352 1279 2420 media

251 2438 285 2502 in
302 2453 470 2523 utramque
485 2450 607 2523 partem
622 2434 793 2500 discurrere
807 2434 879 2499 sane
891 2436 1006 2500 merito
1026 2451 1201 2525 cogantur·;
1223 2438 1279 2504 sed

252 2523 295 2589 ad
311 2521 471 2609 gremium
491 2521 757 2622 praceptorisbet
777 2519 856 2585 dum
877 2521 985 2584 aliud¹
1008 2545 1072 2587 non
1094 2522 1228 2610 poliunt,
1245 2539 1279 2590 et
1305 2591 1308 2595 ,

252 2607 330 2674 dum
345 2631 395 2671 res
409 2629 446 2670 ac
461 2609 555 2672 verba
564 2607 753 2672 connedlere
767 2605 935 2692 incipiunt,
946 2620 984 2671 ut
997 2609 1142 2694 protinus
1156 2632 1279 2677 merno-

251 2693 331 2760 riam
345 2693 491 2756 firment:
516 2693 563 2756 ita
573 2713 647 2756 curn
664 2691 733 2778 jam
747 2690 881 2756 formam
897 2691 991 2756 reetae
1006 2705 1104 2780 atque
1125 2695 1277 2758 emenda-

251 2789 294 2844 tae
319 2777 471 2842 orationis
494 2777 661 2864 accipient,
687 2776 911 2864 extemporalis
934 2777 1112 2864 garrulitas,
1139 2803 1198 2844 nec
1221 2803 1277 2845 ex-

118 2877 124 2902 '
195 2864 390 2948 ¹''spedlata
403 2863 556 2948 cogitatio
571 2876 605 2926 et
624 2863 677 2926 vix
695 2862 845 2949 surgendi
866 2864 1191 2948 mora‚circulatoriae
1206 2888 1294 2930 varen
1398 2874 1400 2878 ’

167 2971 170 2978 ·
246 2947 430 3036 jadationis
447 2950 501 3012 est.
545 2949 633 3012 Hinc
651 2963 820 3034 parentum
840 2948 1059 3036 imperitorum
1080 2949 1187 3036 inan-eh
1218 2945 1334 3036 ara-16

244 3033 440 3180 diremptis
465 3055 539 3097 vero
560 3045 742 3098 contemtus
764 3055 784 3096 ο
806 3031 878 3114 eris,
893 3047 926 3097 et
947 3033 1159 3099 inverecunda
1206 3057 1277 3115 ons,

133 3155 164 3164 ..
251 3131 286 3184 et
313 3141 371 3183 con
387 3118 506 3182 uetudo
531 3117 657 3204 pellime
680 3119 772 3182 dicen
797 3120 819 3196 i,
843 3133 877 3184 et
902 3119 1057 3183 malorum
1080 3120 1278 3200 exercitatio,

251 3218 298 3284 et,
322 3227 395 3290 quae
421 3227 555 3290 magnos
580 3225 708 3352 quopue
733 3203 893 3290 profedlus
919 3205 1099 3302 frequenter
1127 3205 1278 3291 perdidit,

251 3311 322 3355 arro
347 3311 402 3352 ans
425 3289 465 3352 de
488 3290 519 3353 se
542 3289 692 3376 pcrl‘uaro
708 3287 890 3353 innascitur.
935 3293 1004 3353 Errt
1027 3290 1116 3354 suum
1133 3290 1277 3376 parandae
1294 3303 1332 3368 17

252 3311 396 3440 facuitati
410 3387 547 3460 ternpus,
563 3399 621 3439 nec
643 3373 768 3439 anobis
783 3375 984 3463 negligenter
997 3376 1087 3440 locus
1102 3375 1156 3440 iste
1171 3377 1280 3440 tranfi-

251 3461 351 3526 bitur.
396 3461 526 3538 Interim
544 3461 615 3524 satis
629 3459 753 3538 estm,s1
775 3483 856 3547 puer
870 3461 958 3524 omni
978 3483 1064 3539 eura,
1088 3475 1122 3525 et
1142 3461 1279 3541 summe,

251 3559 406 3631 quantum
423 3559 498 3609 aetas
519 3545 574 3608 illa
590 3545 687 3632 capit,
703 3545 811 3609 labore
824 3545 944 3630 aliquid
965 3547 1130 3633 probabile
1151 3547 1279 3632 scripse-

250 3633 314 3696 rit:
337 3631 371 3696 in
386 3631 448 3696 hoc
470 3630 627 3711 affuescat,
644 3631 740 3720 hujus
765 3630 810 3716 rei
826 3645 971 3696 naturam
988 3632 1042 3696 fibi
1066 3631 1173 3697 faciat.
1219 3631 1280 3696 Ille

284 3788 296 3819 ¹
314 3787 362 3834 leni
374 3796 398 3834 et
409 3787 476 3833 molli
489 3787 520 3834 G.
537 3785 604 3833 molli
617 3795 641 3832 et
656 3784 703 3832 levi
716 3785 780 3832 Jens.
797 3793 913 3850 utrumque
926 3784 991 3830 haber
1002 3795 1023 3830 et
1033 3783 1088 3831 alios
1099 3789 1213 3843 oufflore53
1230 3801 1282 3831 nen.

253 3863 312 3901 trum
323 3851 484 3898 damnaverim.
581 3857 591 3880 ⁰
610 3851 756 3912 consequens
769 3850 835 3894 ctiam
846 3849 882 3894 lrr'c
892 3849 923 3895 G,
936 3859 957 3895 tr
966 3849 1037 3912 sepe,
1050 3850 1102 3913 quin
1110 3849 1164 3910 fere
1173 3849 1278 3912 semper:

252 3917 329 3982 iraque
339 3934 380 3962 non
391 3915 484 3976 amplius
500 3915 657 3963 adnotabimus.
731 3913 740 3944 f
756 3914 795 3961 Sic
806 3914 836 3960 G.
848 3913 912 3960 Jens.
922 3923 944 3959 et
954 3915 1030 3976 oprimi
1042 3913 1140 3978 quique:
1157 3914 1282 3962 tractatam

252 3982 284 4029 al.
358 3980 426 4027 ssSic
436 3981 467 4026 G.
478 3990 500 4026 er
509 3980 573 4028 lens.
585 3981 672 4026 virium
684 3980 747 4040 exig.
759 3989 783 4025 et
793 3993 854 4026 corr.
865 3977 966 4038 opusal.
1031 3977 1238 4038 ndigrellussum
1249 3980 1280 4031 G.

252 4045 454 4107 ldisposrtionern
465 4044 497 4094 G.
561 4044 628 4092 ¹om.
640 4045 670 4092 G.
735 4053 754 4080 ¹1¹
770 4043 813 4090 erit
825 4044 854 4090 G.
866 4043 930 4089 lens.

289 4195 331 4240 17.
360 4173 653 4244 albescat-naturam]
668 4225 671 4230 ,
685 4173 736 4226 Re·
786 4171 893 4224 alteram
910 4180 1029 4224 naturam
1040 4171 1084 4227 elle
1095 4171 1284 4244 corffuetudr'near

179 4281 180 4286 =
249 4246 363 4318 spirited
378 4247 506 4317 vulgarem
522 4245 735 4313 sententiamque
764 4260 769 4266 ·
788 4241 883 4294 fertur:
904 4253 933 4294 ut
949 4260 973 4304 1,
986 4260 1012 4304 a,
1025 4245 1051 4296 8.
