3024 4912
297 393 353 460 n.
545 393 590 458 n.
613 395 744 482 tamt
764 393 1112 460 uutucrrmanr

288 559 372 626 finnio
386 559 565 626 audioribua
587 557 702 645 placet,
718 559 781 626 alia
801 559 835 624 in
856 557 1012 624 rhetorica
1026 559 1096 642 effe,
1112 579 1184 648 quae
1198 561 1314 648 proba·

288 647 410 712 tionem
426 644 611 724 desiderent,
626 645 699 724 alia,
714 667 788 733 quae
811 667 874 709 non
890 644 1083 710 defidetent:
1107 669 1182 710 cum
1197 647 1315 734 quibua

287 729 351 816 ipse
367 729 539 796 consentio.
584 729 728 796 Quidam
744 753 829 810 vero,
842 741 881 800 ut
901 729 1022 808 Celsus,
1038 731 1079 794 de
1093 730 1182 796 nulla
1196 754 1229 796 re
1243 732 1313 798 die·

287 829 394 880 turum
420 827 588 893 oratorem,
603 815 656 878 nisr
682 814 723 880 de
747 839 812 904 qua
832 827 992 902 quaeratur
1004 817 1025 895 ¹,
1039 816 1237 881 existimante
1260 815 1315 884 'cui

287 922 362 964 cum
386 900 526 964 maxima
571 922 620 964 ars
641 900 828 986 scriptorum
851 912 1020 988 repugnat,
1035 913 1106 965 tum
1130 901 1226 966 etiam
1252 901 1316 988 ipn

285 984 435 1070 partitioz
467 984 523 1048 nisr
549 923 631 1050 iorte
654 985 795 1064 laudare,
811 1008 885 1072 quae
906 985 1025 1049 constet
1046 985 1106 1050 esse
1125 984 1265 1064 honesta,
1280 999 1315 1052 et

286 1067 474 1168 vituperare,
510 1092 560 1134 uae
582 1092 622 1134 ex
642 1071 779 1136 confesso
794 1071 882 1134 ίῑηῑ111
906 1069 1020 1155 turpio,
1035 1092 1099 1134 non
1114 1072 1159 1134 est
1181 1071 1315 1136 oratoris

284 1153 440 1218 officium.
485 1093 570 1220 iilud
589 1153 657 1240 jam
683 1176 794 1220 omnes
811 1154 961 1232 fatentur,
976 1153 1037 1220 effe
1057 1153 1246 1242 quaestiones
1258 1159 1350 1230 aut4

286 1240 319 1304 in
331 1241 457 1390 sorlipto,
472 1251 530 1304 aut
553 1239 586 1304 in
601 1265 658 1304 non
669 1240 795 1327 scripto.
839 1241 878 1304 ln
902 1239 1015 1324 scripto
1027 1241 1100 1304 sunt
1113 1239 1151 1303 de
1164 1239 1257 1325 jum
1279 1241 1315 1307 in

285 1347 351 1388 non
393 1326 496 1411 cripto
523 1326 560 1387 de
586 1350 630 1389 re.
675 1325 763 1390 Illud
789 1323 897 1411 legale,
920 1323 984 1388 hoc
1008 1325 1157 1390 rationale
1184 1347 1313 1412 genus:

285 1411 503 1497 Hermagoras
528 1423 624 1498 atque
646 1432 722 1474 enm
746 1411 846 1476 secuti
869 1421 984 1475 vocant
1006 1409 1112 1492 rapodo
1135 1419 1168 1474 et
1190 1412 1315 1492 λογικόν.

286 1493 376 1558 Idem
397 1495 549 1573 sentiunt,
564 1495 621 1580 qui
642 1517 772 1560 omnem
794 1495 999 1582 quaestionem
1019 1505 1145 1580 ponunt
1162 1492 1197 1558 in
1214 1495 1312 1575 rebus,

285 1593 320 1644 et
334 1579 367 1642 in
382 1579 493 1644 verbis.
537 1581 621 1644 Item
640 1581 802 1658 convenit,
818 1578 1005 1667 quaestiones
1019 1577 1079 1644 esse
1094 1591 1152 1644 aut
1165 1578 1345 1667 infinitam

285 1675 342 1727 aut
343 1663 470 1750 finitas.
513 1663 647 1751 Infinitae
660 1665 743 1746 sunt,
759 1689 832 1752 quae
849 1665 979 1728 remotis
993 1665 1131 1750 personis
1144 1675 1179 1729 et
1191 1678 1315 1750 ternpo-

284 1748 375 1820 ribus
401 1763 434 1812 et
452 1748 545 1828 locis,
559 1749 732 1836 ceterisque
757 1749 921 1828 similibus,
945 1749 977 1812 in
1001 1759 1170 1835 utramque
1191 1763 1314 1835 partem

286 1831 473 1913 tradantur,
488 1833 576 1919 quod
601 1834 808 1900 Graeciano
831 1835 956 1913 dicunt,
979 1834 1092 1900 Cicero
1114 1835 1288 1931 proppſstnm
1300 1861 1311 1915 ς

284 1917 338 1982 alii
354 1918 522 2006 queastiooes
536 1919 718 2005 universales
732 1918 856 1998 civile53
879 1919 933 1983 alii
975 1917 1125 2004 uaestionrs
1142 1918 1312 2068 φῦιίοέορόο

282 2005 482 2068 convenientes
494 2029 504 2082 ;
541 2004 718 2068 Athenaeus
743 2017 859 2090 portem
887 1944 995 2090 cateja
1022 2003 1169 2089 appellat.
1248 1987 1347 2068 00⁸6

282 2111 387 2174 genus
413 2089 528 2154 Cicero
543 2089 673 2174 scientia
687 2101 721 2151 et
735 2089 846 2152 artiora
859 2088 1036 2175 distinguit,
1052 2099 1090 2152 ut
1111 2087 1147 2152 fit
1161 2088 1311 2175 scientim,

196 2201 201 2209 ·
282 2173 341 2236 An
360 2174 552 2260 providentia
574 2174 700 2236 mundus
714 2175 867 2260 regatur?
895 2173 1030 2252 astionis,
1044 2174 1098 2236 Ao
1119 2175 1314 2238 accedendum

283 2259 329 2320 ad
342 2272 431 2344 remp.
448 2256 724 2344 administrandam.
769 2257 869 2336 Prius,
885 2259 982 2322 trium
996 2279 1163 2344 generum,
1178 2283 1221 2322 on
1233 2259 1313 2343 fit?

283 2343 361 2430 quid
370 2355 383 2382 ⁰
398 2343 474 2428 fit?
494 2343 583 2430 quale
596 2343 674 2431 stt?
693 2341 802 2407 omnia
824 2343 910 2408 enim
925 2344 995 2407 haec
1007 2345 1146 2430 ignorari
1160 2342 1309 2430 possunt:
1339 2383 1342 2389 ·

315 2529 453 2642 lguaettilppr
464 2528 495 2577 G.
560 2534 579 2560 '²¹
599 2529 770 2578 funtanas.
834 2539 849 2568 ¹¹
866 2527 920 2577 Hoc
932 2526 1007 2592 genus
1018 2546 1059 2578 arn.
1071 2525 1104 2577 G.
1167 2535 1180 2560 ⁰
1197 2527 1309 2592 quidne?

282 2610 324 2641 ua.
361 2611 400 2641 .m
437 2627 444 2642 .
1022 2637 1024 2644 ,
1089 2633 1090 2636 ¹

320 2721 346 2769 3.
364 2705 394 2754 de
408 2719 459 2774 qua
477 2704 616 2774 queram]
635 2703 680 2757 Ad
697 2721 773 2775 quam
817 2703 887 2774 positi
900 2721 996 2774 genera
1011 2705 1057 2756 duo
1077 2702 1150 2766 facit,
1172 2701 1311 2772 cognitionis

282 2775 491 2843 comprobandam
501 2775 538 2825 vel
549 2772 704 2828 refellendam
716 2793 773 2845 pro·
822 2775 937 2834 alterum,
949 2774 1054 2826 alterum
1070 2772 1183 2834 aetionis,
1194 2791 1271 2841 eaque
1282 2775 1310 2825 in

284 2841 340 2894 inde
352 2845 506 2914 argumentis
517 2861 580 2914 opus
596 2843 634 2905 fit,
647 2856 671 2895 et
682 2847 772 2913 proba·
821 2846 913 2896 eatdem
926 2843 1078 2912 quaestiones,
1091 2845 1117 2894 in
1133 2861 1196 2911 quas
1213 2843 1309 2895 Fabius

282 2913 404 2963 tionibus.
429 2912 538 2965 Facilius
549 2914 664 2981 equidem
675 2914 772 2966 conces-
820 2913 942 2984 dispescit.
962 2913 1079 2972 Paullum
1099 2913 1193 2964 diversa
1212 2913 1245 2963 ab
1267 2911 1308 2964 his
1355 2911 1361 2922 '

281 2980 362 3041 serim,
374 2983 583 3034 dicereoratorern
592 2983 623 3035 de
634 2983 674 3034 his
685 2984 771 3044 etiarn,
820 2985 875 3034 sunt
892 2983 922 3034 de
939 2985 1012 3034 Orat.
1033 3001 1057 3042 1,
1077 3000 1119 3046 3¹·
1150 2981 1201 3050 Effe
1216 2997 1309 3032 omnem

280 3051 312 3100 de
329 3052 422 3119 quibua
439 3069 488 3102 non
499 3063 635 3121 quaeratur,
647 3069 722 3120 qnam
741 3052 772 3103 il·
819 3052 952 3103 orationem
968 3062 1014 3103 aut
1029 3052 1060 3103 dt
1077 3049 1177 3119 infinite
1187 3049 1225 3101 rei
1242 3067 1308 3118 que-

281 3116 326 3170 lud
350 3121 429 3190 prius,
449 3121 493 3174 effe
515 3121 690 3182 inrhetorica,
714 3139 772 3191 quae
810 3121 898 3190 stione,
912 3121 969 3187 finr'
976 3119 1134 3191 designatione
1148 3121 1308 3188 personarum

280 3190 425 3257 probatione
447 3207 495 3241 non
524 3189 660 3260 indigeant.
697 3191 773 3243 Certe
818 3201 843 3240 et
864 3191 1122 3258 temporumrautda
1140 3187 1259 3240 retortis
1281 3187 1308 3242 in

280 3256 373 3309 nuliam
382 3258 420 3310 vei
430 3259 556 3318 laudandi,
565 3258 604 3310 vel
615 3257 770 3321 defendendi,
814 3259 921 3328 personis
939 3277 970 3310 ac
989 3258 1132 3329 temporibus
1150 3257 1241 3309 locata.
1267 3257 1308 3311 De

280 3325 318 3377 vel
338 3328 462 3390 suadendi,
484 3345 630 3396 eorumque,
650 3345 708 3397 quae
731 3330 771 3381 his
819 3331 893 3380 Orat.
907 3347 932 3389 2,
947 3346 987 3380 ro.
1002 3331 1028 3380 in
1043 3327 1163 3396 infinitum
1179 3335 1308 3378 etcertum
1325 3388 1327 3390 Ι

280 3397 405 3448 contraria
420 3397 486 3460 sunt,
499 3398 618 3449 rationem
636 3395 771 3468 intelligere
814 3414 892 3464 genus
911 3397 1060 3468 questionum
1080 3396 1203 3468 dispescit.
1235 3395 1305 3448 thid.

280 3481 320 3516 me
336 3464 425 3528 fateor,
444 3478 602 3536 praeteream
620 3484 676 3536 quae
693 3483 768 3538 argu·
820 3484 845 3526 2,
871 3485 912 3533 ¹9·
935 3471 960 3518 in
981 3469 1080 3539 causam
1102 3478 1127 3519 et
1148 3463 1306 3537 questionem.

280 3536 369 3586 mentia
381 3537 466 3604 probet
476 3535 526 3588 dcc.
817 3535 890 3588 Add.
899 3537 929 3587 de
940 3535 1014 3588 Orat.
1027 3556 1051 3600 3,
1065 3539 1109 3587 28.

314 3621 341 3668 4.
369 3617 447 3658 omnes
458 3603 598 3671 fatentur]
616 3622 641 3658 v.
663 3623 689 3676 g.
709 3605 768 3660 Cic.
854 3607 881 3655 6.
900 3605 939 3658 An
951 3605 1112 3674 providentia
1123 3603 1238 3666 mundus]
1259 3603 1304 3655 So-

280 3673 311 3726 de
324 3677 395 3725 Orat.
410 3694 436 3736 ι,
451 3693 492 3740 3¹·
506 3675 572 3726 Eod.
586 3693 612 3735 2,
625 3678 669 3725 26.
817 3671 887 3725 lenae
909 3676 941 3726 est
963 3675 1057 3726 antron
1079 3673 1159 3726 nostro
1180 3673 1233 3724 haec
1251 3671 1306 3726 duo

318 3761 343 3808 ς.
362 3743 444 3795 Cicero
460 3742 613 3812 propofitum]
632 3744 727 3813 Topic.
740 3761 765 3796 c.
818 3743 968 3796 connestere.
1003 3743 1064 3794 Vid.
1079 3759 1105 3808 ς,
1125 3759 1167 3802 ιο,
1179 3757 1212 3803 14
1223 3746 1305 3811 et„89‚

189 3871 192 3884 Ι
280 3831 325 3864 21.
343 3813 387 3865 ubi
406 3815 480 3864 etiam
496 3811 645 3892 quaestionum
661 3813 707 3865 duo
720 3831 766 3881 ge·
815 3813 846 3864 it.
863 3831 904 3872 12,
917 3832 943 3874 2,
957 3830 1000 3865 21.
1024 3811 1159 3864 Estautem
1171 3810 1254 3864 Stoica
1264 3827 1306 3863 ar-

279 3899 342 3947 nera
353 3883 488 3941 constituit,
500 3880 637 3950 cognitoris
648 3893 673 3934 et
689 3883 766 3934 anio·
815 3882 979 3950 gumentatio‚
1006 3883 1051 3948 qui
1078 3897 1137 3932 cum
1165 3879 1306 3948 Sapientem

279 3952 326 4003 nis.
351 3951 379 4001 In
393 3951 481 4002 Partit.
494 3969 518 4002 c.
534 3969 558 4002 r.
570 3951 716 4022 questionem
726 3953 767 4004 di·
815 3951 863 4002 Dei
882 3952 1031 4002 imitatorem
1051 3949 1208 4008 constituant,
1226 3951 1305 4003 ratio-

278 4021 342 4072 vidit
354 4024 379 4071 in
390 4019 520 4086 infinitam,
531 4035 605 4090 quam
616 4021 765 4091 consultatio·
815 4037 858 4070 nes
876 4023 912 4072 ita
929 4019 1076 4080 subducunt,
1093 4035 1148 4077 non¹
1159 4019 1242 4072 minus
1260 4022 1305 4073 Sa.

277 4105 333 4142 nem
351 4089 467 4158 appellat,
490 4099 515 4141 et
534 4088 670 4157 definitam,
687 4107 765 4157 quam
814 4090 919 4158 pientem
930 4087 1176 4151 administrarafirea
1185 4089 1221 4141 ita
1230 4087 1305 4152 ferat,

277 4161 376 4226 causam
388 4160 509 4211 nominat.
538 4159 615 4211 Porro
634 4165 721 4210 e.·18.
735 4159 765 4210 il-
814 4175 892 4226 remp.
915 4157 1130 4226 quamvmundum
1148 4158 1304 4230 providentie

279 4226 328 4278 iant
346 4226 486 4280 divisionem
503 4228 651 4298 exsequitur,
669 4240 694 4282 et
707 4237 766 4296 pro-
815 4229 857 4282 sua
868 4228 948 4281 Deus.

1492 2641 1498 2946 1
