3022 4920
269 379 316 452 tt
501 383 549 448 tt.
569 383 696 446 raon
722 381 1072 482 numerarent

269 573 340 642 quo
354 569 472 640 genere
485 547 607 638 optime
621 550 661 616 C.
675 549 831 616 cesarem
844 563 1069 638 praetextatum
1083 548 1191 616 adhue
1204 569 1300 622 eoca-

270 639 379 726 pitnus
390 636 510 715 dixisse,
524 636 558 702 Si
573 649 687 716 comas,
703 636 781 700 orale
790 649 894 702 cantos
906 661 916 718 3
922 638 955 724 fi
963 637 1051 726 legis,
1063 647 1178 702 cantor.
1200 637 1274 704 Nec
1284 645 1332 716 '²3

270 723 517 822 polopopoeiao,
540 735 579 821 pt
599 722 789 810 quibusdam
805 723 922 808 planet,
938 723 979 788 ad
1000 722 1163 790 comicum
1175 743 1300 790 morem

268 806 633 980 nttgttttlltlr,
650 808 1303 981 ii‘qfflpiiilieliffieii‘f

270 977 386 1044 Cetera
406 978 629 1044 admonitione
649 1001 765 1078 magno
783 991 907 1065 egent:
930 980 964 1043 in
982 979 1104 1066 primis,
1122 991 1160 1044 ut
1180 990 1334 1056 tenerem

268 1077 407 1140 mentes,
422 1065 634 1152 trooluraeque
654 1063 762 1144 alnus,
777 1063 938 1162 quidquid
958 1065 1092 1130 rudibus
1103 1078 1138 1130 et
1151 1065 1301 1132 omnium

155 1148 837 1320 *intit'tltl‘ltttttnttt
852 1149 1302 1302 dllitltltl‘ttssttlt
1362 1161 1369 1184 ⁸

267 1321 311 1386 ab
334 1320 460 1386 Homero
477 1281 574 1407 nique
592 1317 722 1406 Virgilio
741 1256 1025 1408 leelioiiroiperet,
1043 1281 1247 1408 quemquem,
1260 1321 1334 1400 ads

267 1405 494 1506 intelligendas
508 1427 618 1470 eorum
641 1405 776 1470 virtutes
795 1405 933 1472 timriore
948 1406 1076 1493 judicio
1096 1428 1178 1493 opus
1200 1405 1300 1472 eretz

268 1491 324 1557 ted
337 1491 413 1556 lunc
429 1491 475 1555 rei
489 1492 523 1555 so
565 1491 623 1554 rest
637 1503 782 1578 tempus:
805 1513 911 1578 neque
928 1492 1014 1558 enim
1028 1491 1125 1558 semel
1139 1491 1171 1556 le
1214 1504 1301 1558 ntur.

270 1576 452 1642 interimet
472 1577 529 1641 sub
543 1576 665 1640 imitate
689 1576 812 1640 heroici
836 1576 985 1642 carminis
1005 1577 1132 1644 unimus
1195 1590 1302 1677 urget,

268 1675 356 1728 etex
370 1661 594 1750 magnitudine
618 1683 726 1726 rerum
741 1661 882 1748 spiritum
906 1663 1016 1742 ducat,
1031 1675 1065 1728 et
1085 1662 1216 1748 optimis
1236 1685 1300 1728 rm-

268 1749 399 1814 buatur.
444 1747 550 1812 Utiles
564 1746 744 1834 Trogoedi¹r
767 1747 857 1812 alunt
870 1761 904 1812 et
918 1749 1032 1834 lyrici,
1044 1749 1066 1814 fi
1076 1762 1184 1814 tomen
1199 1748 1233 1814 iu
1249 1747 1301 1816 hio
1313 1737 1336 1806 6

268 1853 334 1896 non
350 1834 495 1898 auolores
507 1833 617 1911 modo,
634 1833 686 1896 sed
700 1833 798 1896 etiam
811 1847 915 1918 portos
925 1835 1030 1920 operis
1044 1833 1201 1920 elegeris:
1225 1855 1302 1898 nam

269 1931 303 1982 et
319 1920 425 1984 Graeoi
439 1919 573 1983 licenter
591 1917 705 1996 multa,
719 1931 753 1982 et
767 1918 931 1982 Horatium
951 1921 984 1984 in
998 1918 1187 2006 quibusdam
1200 1918 1301 1984 nolim

269 2003 482 2091 interpretari.
527 2002 641 2090 Elegio
654 2023 741 2082 vero,
756 2003 869 2088 ntique
886 2027 957 2090 qnae
979 2016 1078 2081 amat,
1093 2016 1126 2068 et
1140 2002 1317 2068 hendecas

158 2161 162 2165 ,
267 2088 399 2178 syllaba,
413 2089 533 2178 quibus
552 2088 626 2152 sunt
639 2075 826 2154 committit
842 2088 1033 2154 Sotadeorum
1051 2094 1139 2174 (nam
1151 2087 1193 2154 de
1206 2089 1301 2154 Sota·

268 2275 270 2282 ¹
302 2313 315 2338 '¹
334 2307 584 2370 Nonprosopopeiam
595 2307 626 2356 G.
692 2306 843 2367 ¹ttttgoedlae
855 2307 886 2354 G.
952 2313 1108 2355 reommoto
1123 2307 1156 2354 G.
1168 2306 1303 2357 scommate
1333 2298 1338 2311 ⁵

272 2371 347 2423 tana.
356 2382 378 2419 rt
387 2372 494 2436 Stephon.
504 2373 527 2420 ia
538 2389 610 2435 marg.
622 2369 681 2438 quod
689 2387 730 2418 aar
741 2371 849 2434 improbat
857 2371 936 2420 Bam.

304 2556 330 2605 6.
349 2552 556 2625 hendecaffllaba]
569 2554 627 2606 Non
637 2553 713 2605 nimir
725 2552 760 2604 se-
809 2551 855 2603 tris
865 2551 1011 2605 Gebarerus
1022 2551 1110 2615 noster,
1123 2554 1168 2623 qui
1180 2556 1207 2606 in
1218 2554 1301 2610 disser-

268 2625 334 2676 reris
346 2627 500 2691 argumentis
511 2623 558 2675 hoc
570 2641 648 2692 genno
660 2623 759 2674 adhibi.
808 2622 931 2674 rationum
949 2622 1162 2692 anthologicarum
1184 2641 1250 2678 nona
1271 2645 1300 2697 p.

193 2689 196 2694 '
268 2703 403 2754 tumturn
415 2692 511 2745 Catulli
528 2693 719 2762 quedamtum
734 2695 760 2744 in
811 2695 871 2756 384.
884 2693 970 2762 sqq.c
1005 2693 1239 2748 'oseetiamdehoc
1256 2714 1301 2766 ge·
1348 2739 1350 2742 .

268 2762 390 2832 Priapum
401 2761 478 2823 lusus,
490 2774 515 2814 et
532 2760 760 2823 Mamurrarum,
809 2776 865 2813 nere
883 2761 949 2831 agit)
969 2761 1065 2836 aiquid
1084 2762 1176 2814 habent
1195 2766 1301 2818 innmoe·

269 2844 345 2902 atque
356 2835 393 2892 eti,
406 2849 462 2900 quae
474 2831 504 2884 de
522 2830 572 2882 suis
583 2831 681 2884 Plinius
692 2849 760 2882 com·
809 2847 879 2892 num,
891 2842 917 2882 et
932 2834 1043 2884 anativa
1060 2832 1244 2902 pulchritudine
1255 2836 1301 2887 ab·

268 2913 388 2953 memorat
400 2903 450 2972 Ep.
461 2921 489 2966 4,
501 2919 542 2965 ¹4·
556 2901 615 2954 satis
624 2901 723 2953 docent.
810 2899 921 2963 horrens,
933 2902 1001 2970 qood
1019 2919 1160 2973 comparare
1177 2921 1235 2956 cum
1244 2905 1301 2976 Vaf-

266 2971 270 2980 '
293 2975 320 3023 6.
338 2980 459 3022 commata
468 2971 637 3036 Sotadeorum]
648 2973 760 3024 Comma·
804 2969 903 3038 pasioni
911 2970 987 3022 arria
998 2969 1071 3032 soleo,
1083 2989 1158 3042 quem
1173 2972 1261 3025 nitenti
1263 2974 1301 3040 fi-

268 3049 298 3092 ta
315 3041 368 3100 etse,
380 3043 444 3109 q'uas
461 3043 550 3093 Latine
562 3043 666 3112 caefirras
685 3058 759 3093 voca·
808 3039 889 3092 mitem
904 3052 988 3092 narrat
999 3043 1132 3094 Suetonius
1148 3059 1171 3093 c.
1187 3059 1239 3094 202
1259 3044 1300 3097 sed

269 3127 336 3172 mus,
349 3120 438 3162 notum
449 3110 489 3162 est.
528 3110 606 3162 Retro
621 3110 670 3180 legi
688 3111 759 3162 Sota·
808 3109 873 3160 isos
885 3126 1000 3161 numeros
1018 3110 1093 3162 etiam
1109 3111 1201 3163 habent
1221 3111 1299 3182 impe.

265 3179 340 3232 dicos
356 3179 474 3248 quosdam
498 3179 590 3242 versos,
610 3179 706 3249 copiose
727 3182 759 3234 ad
808 3127 918 3239 iitiores,
928 3181 1073 3300 refiraspue
1086 3179 1152 3247 (haec
1165 3182 1230 3232 enirn
1242 3181 1299 3235 sunt

268 3249 296 3302 h.
309 3248 328 3301 1.
342 3249 500 3301 Camerarius
517 3249 630 3312 ostendit,
650 3261 675 3300 et
692 3249 757 3301 Bur·
806 3249 940 3314 commata)
947 3247 1013 3314 justo
1035 3250 1219 3317 requentioresr
1239 3269 1297 3320 qua

268 3335 382 3370 mannus.
402 3319 523 3389 Exempla
535 3319 608 3370 habet
620 3318 669 3388 ipse
680 3319 758 3372 noster
806 3318 890 3369 omnia
912 3317 1037 3386 prohiberi
1056 3335 1101 3387 par
1119 3318 1152 3370 est
1171 3335 1187 3371 a
1206 3321 1297 3374 teneris

270 3407 296 3456 9,
314 3406 341 3451 4,
357 3405 401 3456 90.
439 3389 549 3440 Sedhaeo
567 3389 676 3458 primunt
689 3389 757 3440 into·
805 3387 961 3448 attribuent
975 3385 1015 3438 rel
1029 3387 1154 3454 judicium
1164 3390 1301 3444 numeroso

267 3461 319 3510 enti
336 3475 423 3528 perum
442 3457 472 3510 ad
491 3457 557 3510 hunc
578 3457 661 3510 locum
678 3453 758 3512 farere
804 3457 1067 3526 orationit,quodjam
1078 3456 1299 3513 tumformandum

270 3528 394 3579 ridentur.
431 3529 465 3579 Et
486 3539 548 3588 erat,
565 3537 663 3579 comet
685 3529 757 3578 nobis
806 3524 847 3584 eti,
860 3537 1049 3596 corrurnpatur3
1067 3526 1106 3580 vel
1117 3526 1230 3598 alioquin
1246 3528 1298 3582 ‹lif-

268 3597 395 3652 inclinaret
402 3598 510 3658 animus,
518 3609 547 3649 ut
550 3599 687 3667 scommata
694 3611 758 3666 prae-
806 3593 911 3646 licilium
927 3613 1050 3664 nugarum
1068 3615 1150 3648 amore
1168 3610 1197 3649 ut
1217 3597 1300 3654 scabie

268 3663 397 3732 ferremus.
435 3667 480 3718 Sed
492 3667 597 3717 dimovit
616 3683 655 3717 me
667 3667 699 3716 ab
716 3665 759 3717 illa
806 3663 915 3732 qoniam
939 3665 1082 3718 inficiantur
1108 3667 1196 3720 animi.
1233 3669 1298 3722 Haec

268 3736 385 3804 sententia
403 3738 465 3790 alter
477 3737 550 3788 Fabii
568 3735 638 3786 locus
650 3755 676 3802 9,
688 3753 715 3797 4,
730 3738 756 3786 6.
806 3733 885 3802 igitur
899 3752 956 3786 cnm
974 3737 1009 3786 ita
1020 3736 1127 3789 lrabentt
1144 3749 1168 3788 tt
1180 3735 1297 3790 hendeca-

266 3807 313 3860 ttbi
321 3805 485 3876 parmpedrr
494 3805 650 3856 Sotadeorum
661 3813 685 3855 rt
694 3805 757 3856 Gal·
796 3801 894 3876 ffllaba
912 3804 962 3856 fola
979 3821 1030 3856 non
1040 3804 1100 3866 snit,
1113 3823 1170 3874 qun
1188 3806 1298 3859 habeant

266 3871 410 3946 ¹iiarnborurrr
422 3873 478 3926 vim
490 3874 561 3926 rebar
576 3872 706 3926 detrahere
717 3874 756 3926 di·
805 3883 923 3924 comata
931 3875 1099 3935 Sotadeorum,
1112 3892 1197 3926 rerum
1215 3877 1297 3944 quud-

267 3956 369 4008 euntnr.
399 3945 528 3997 Nimirum
540 3946 585 4012 qui
598 3943 679 3994 versus
691 3954 758 3996 retro
805 3943 843 3993 vis
855 3941 905 3994 fere
916 3961 993 4012 genus
1005 3945 1122 3995 carminis
1133 3961 1162 3995 ea
1173 3944 1297 4014 recipiat3

264 4014 314 4083 legi
336 4013 376 4066 vel
397 4013 538 4081 retrogradi
554 4013 598 4065 elie
618 4012 718 4073 debent,
735 4013 755 4065 ii
805 4011 841 4062 ita
862 4011 994 4082 legendum
1011 4024 1087 4081 putor
1105 4023 1131 4064 et
1147 4011 1297 4085 hendrraffl.

265 4101 315 4138 non
324 4084 399 4134 morlo
410 4096 439 4134 ut
452 4095 533 4136 totum
551 4082 614 4134 iltod
626 4100 704 4152 genus
715 4081 754 4134 lu·
803 4080 869 4142 laha,
884 4097 921 4134 er
933 4081 1018 4152 quibus
1026 4083 1087 4152 stant
1096 4092 1214 4136 commata
1225 4086 1297 4136 Sota·

264 4153 362 4206 dicrum
375 4169 405 4202 an
420 4151 600 4204 aernmnabile?
625 4150 756 4219 (fidiculas
803 4151 911 4212 deorum,
924 4164 953 4202 ut
964 4151 1024 4202 adeo
1035 4151 1106 4203 suum
1122 4151 1203 4204 sibiet
1221 4169 1297 4222 pecu·

260 4217 324 4294 profi
338 4221 442 4291 injettar
453 4223 542 4274 merito
558 4223 670 4274 nominat
687 4221 755 4274 illus·
803 4218 863 4274 liare
874 4220 1015 4294 genorhaec
1027 4221 1118 4276 ultima
1128 4221 1289 4284 constituant.
