3000 4908
264 411 323 487 328
498 409 543 471 Μ.
564 409 687 469 FABIl
709 405 1053 473 outnc‘rtnlnm

266 569 398 660 lalisest.
441 565 535 654 Nom,
550 573 697 662 quidquid
715 597 751 637 eo·
761 572 870 670 scipso
882 586 1025 653 movetur,
1042 574 1205 641 immortale
1224 575 1289 663 isse

264 659 366 722 animo
380 668 476 722 aulem
490 681 526 722 cx
540 660 578 746 sc
592 659 654 758 ipso
668 669 812 737 movetur,
827 657 998 722 tmotorlolit
1012 660 1106 746 igilur
1119 659 1158 745 est
1171 662 1284 727 animo.

264 743 339 807 Hoc
350 743 386 805 lit
400 765 463 805 non
478 743 579 806 solnm
594 765 627 806 in
642 742 770 829 fingnlia
780 743 989 830 argumentis,
999 743 1050 808 sod
1061 745 1093 808 in
1104 745 1180 810 totis
1195 747 1284 810 oaus-

265 827 315 906 fis‚
331 849 402 914 quae
416 827 489 890 sunt
507 827 670 914 implices,
686 839 720 891 et
740 826 772 890 in
794 827 1028 913 questionibue.
1071 829 1157 896 Nam
1179 843 1213 894 et
1233 830 1284 894 hae
1301 849 1342 898 11

263 911 398 998 primam
413 911 533 976 habent
545 933 601 998 pro
664 911 785 976 tionem
796 915 821 990 ⁸¹,
838 911 1031 1000 saerilegium
1048 913 1215 1000 cornmiststi,
1231 915 1284 978 ho-

264 996 390 1058 minemv
411 995 543 1082 occidisse.
614 1015 662 1074 on,
677 996 749 1084 pois
782 995 959 1060 itbominem
978 997 1091 1076 occidit,
1107 1000 1196 1062 codis
1217 1021 1286 1062 rene

216 1156 219 1161 Ι
266 1091 400 1144 tenetur:
425 1079 539 1144 deinde
552 1081 719 1146 rationem.
765 1078 805 1144 ed
820 1079 890 1144 haee
903 1080 945 1145 est
960 1081 991 1144 in
1014 1082 1123 1146 oeuffie
1142 1095 1177 1147 et
1197 1105 1285 1169 quae-

263 1162 413 1229 stionibus
436 1165 573 1254 longior,
588 1187 682 1252 quarn
708 1165 741 1228 in
763 1163 893 1250 lingulis
913 1167 1130 1252 argumentiee
1158 1179 1192 1231 ot
1213 1167 1283 1253 ple·

262 1262 333 1312 rnm
359 1269 399 1313 ue
412 1249 533 1314 summa
547 1269 617 1314 com
641 1249 795 1328 lenione¹,
807 1246 858 1312 vel
876 1267 932 1334 per
941 1251 1224 1332 enumerationem,
1233 1251 1285 1316 vel

194 1325 199 1344 ’
263 1271 469 1482 perimerem
494 1333 607 1398 conclu
619 1353 724 1397 ionem
746 1334 907 1411 testantur,
933 1333 1011 1420 quid
1031 1333 1201 1400 esseoeriut.
1246 1339 1283 1400 ln

288 1439 326 1482 oe
349 1439 467 1506 genere
489 1417 657 1504 propofitio
678 1416 776 1482 dubia
795 1417 849 1496 ell,
865 1417 906 1481 de
931 1417 992 1482 hac
1014 1419 1100 1483 enim
1118 1420 1280 1506 quaeritur.

261 1501 373 1568 Altera
386 1505 429 1566 est
444 1503 635 1600 complexio,
651 1523 715 1566 non
730 1521 784 1587 por
803 1501 984 1580 intentioni,
1000 1503 1052 1567 sed
1074 1504 1138 1568 vim
1161 1504 1284 1568 habene
1298 1527 1339 1576 12

260 1605 378 1674 parem,
394 1587 483 1651 Mors
496 1587 574 1651 nibil
587 1590 629 1650 od
648 1611 719 1650 nos-e
740 1609 822 1663 nom,
838 1588 918 1684 qood
938 1585 977 1671 est
998 1588 1176 1674 Malorum,
1191 1591 1282 1676 sensu

262 1684 364 1735 toret.-
405 1673 465 1736 uod
476 1674 665 1818 ootrmsferfir
681 1683 770 1748 caret,
787 1671 865 1733 niihil
878 1673 922 1733 od
933 1695 995 1737 nos.
1033 1676 1070 1736 In
1085 1674 1149 1737 elio
1163 1692 1282 1760 genere
1316 1699 1319 1704 ·

261 1773 326 1818 non
340 1696 450 1820 eadem
484 1758 631 1843 roportio
645 1758 698 1833 est,
714 1777 785 1852 quoe
801 1755 994 1820 connexion
1040 1757 1148 1820 Omnia
1162 1758 1280 1821 animo-
1360 1824 1371 1846 .

261 1839 305 1904 lia
319 1840 436 1904 meliora
440 1779 527 1928 ſsimi
543 1867 631 1928 qucum
645 1842 800 1917 inommo3
823 1839 901 1903 nihil
915 1853 1012 1904 aulem
1026 1841 1128 1908 melius
1142 1841 1181 1926 cst
1193 1865 1280 1908 mum·

261 1925 310 2003 do,
325 1927 450 1989 mundos
464 1927 559 2014 igitur
573 1925 697 1990 animal.
746 1923 823 2008 [Hic
843 1926 943 2023 potest
963 1925 1063 1989 videri
1084 1923 1125 1990 de
1146 1947 1180 1990 re
1201 1947 1280 1991 oon-

261 2011 376 2095 tentio]
403 2011 511 2074 Potuit
525 2011 633 2074 enim⁸
653 2011 693 2073 fio
709 2009 852 2072 constitui
873 2010 1081 2090 ratiocinatio,
1098 2010 1225 2074 Animal
1244 2009 1283 2095 est

260 2096 397 2173 mundns,
413 2097 510 2158 omnin
529 2097 604 2158 enim
626 2093 771 2158 animalia
786 2094 904 2157 meliora
917 2096 1006 2180 sunl,
1022 2117 1111 2182 picam
1134 2097 1279 2159 inanima:

263 2181 413 2244 Ceterum
439 2180 534 2244 haecb
559 2179 726 2266 propositio
748 2190 802 2242 out
816 2177 958 2244 morsella
979 2182 1031 2259 est,
1053 2191 1089 2244 ut
1111 2181 1255 2267 proxima
1267 2203 1282 2261 ς’
1297 2206 1340 2272 13.

291 2365 400 2430 ”expos
413 2363 443 2412 G.
453 2364 516 2410 lens.
581 2365 679 2412 'hom
692 2377 743 2412 oco.
756 2381 797 2412 nm.
809 2364 848 2412 lid.
913 2371 927 2400 ¹
944 2363 1082 2426 complexio
1093 2365 1123 2414 G.
1193 2364 1281 2415 ΙΝ.

259 2442 303 2480 not.
368 2439 379 2464 Ι
398 2433 463 2504 Forte
473 2429 516 2492 lcg.
527 2428 612 2478 edam.
673 2429 684 2460 δ
704 2429 768 2478 torre
779 2429 821 2492 leg.
833 2439 939 2480 ceterum
950 2439 989 2478 et:
1001 2429 1056 2516 mid.
1068 2440 1111 2478 not.
1132 2454 1135 2457 ·

295 2613 338 2646 η.
358 2593 443 2646 Altera
461 2591 493 2662 est
513 2589 654 2660 complexio]
680 2592 743 2644 Haec
792 2591 845 2642 nari
859 2592 956 2652 didicit,
968 2575 1143 2644 conclusionem
1161 2589 1201 2643 hic
1218 2587 1279 2642 deli-

140 2672 149 2739 μ’
257 2662 331 2716 sertio
341 2673 394 2716 tota
405 2678 492 2731 parurn
511 2661 588 2729 digna
604 2661 692 2720 Fabio,
705 2660 743 2712 ri·
792 2659 869 2720 derat,
888 2661 927 2712 seu
950 2659 1129 2728 complexionem
1153 2660 1278 2724 connexio-

256 2751 285 2785 ro
297 2733 356 2784 alias
368 2727 512 2784 acutissimo.
533 2729 741 2798 Argumentatio-
792 2746 881 2780 ncmvc
898 2729 979 2790 malis,
991 2731 1064 2796 hujus
1082 2729 1215 2790 sententie,
1229 2731 1277 2780 Er-

256 2819 299 2855 nes
318 2801 375 2870 ipsae
392 2801 472 2858 bonae,
484 2797 589 2850 solennes
605 2798 706 2866 quidem
717 2809 742 2850 et
790 2815 824 2866 go
847 2813 910 2849 mors
932 2797 993 2850 nihil
1011 2799 1048 2850 ad
1067 2813 1118 2849 nos.
1155 2799 1276 2850 Notemue

150 2861 154 2869 “
256 2869 408 2942 philosophis
437 2867 583 2937 quibusdam
629 2861 739 2920 robatae=
791 2867 843 2918 llaec
854 2879 953 2937 propter
963 2885 1000 2930 ea,
1013 2885 1069 2938 quae
1083 2867 1134 2932 jam
1146 2875 1218 2937 porro
1229 2870 1275 2920 ob·

256 2941 306 3001 sed,
318 2957 375 3009 quoe
394 2939 425 2990 de
444 2949 572 3006 argument
622 2936 631 2988 i
649 2938 744 2990 ratione
792 2935 906 2995 servanda
918 2937 982 2988 suut.
1007 2973 1018 2980 -

256 3009 329 3069 dicit,
342 3009 385 3060 illa
396 3025 411 3058 a
422 3005 566 3066 dialetticis,
578 3017 602 3058 et
613 3004 743 3058 rhetoricis
827 3024 869 3056 12.
883 3005 929 3058 Hic
935 3002 1171 3076 potest-contentio]
1182 3002 1265 3072 Nemo

190 3121 199 3136 ,
256 3079 318 3129 adeo
340 3076 479 3129 rationibus
501 3076 575 3126 nimis
599 3073 740 3128 abhorrent.
791 3075 906 3136 arbitror,
928 3075 1009 3127 dicere
1031 3073 1116 3144 potest,
1140 3075 1203 3144 quid
1231 3073 1276 3126 sibi

282 3165 314 3198 ua
332 3147 363 3197 de
381 3163 407 3196 re
424 3145 449 3195 in
465 3141 607 3213 praefatione
624 3143 742 3204 dicimur,
791 3143 843 3196 haec
865 3144 948 3204 verba,
972 3143 1018 3196 hoc
1042 3142 1142 3211 quidem
1166 3145 1190 3194 in
1210 3142 1276 3205 loco,

255 3227 289 3276 et,
307 3231 382 3283 quam
405 3213 451 3264 hoc
474 3211 536 3263 nihil
558 3211 636 3263 obesse
654 3211 742 3264 debeat
791 3211 875 3264 velint.
895 3211 1278 3264 Harioloradnotameutumesse

254 3283 307 3351 ejus
319 3283 415 3354 gloriae,
426 3281 584 3333 ostendimus.
602 3282 689 3348 Neque
701 3299 742 3333 ve·
790 3280 885 3333 studiosi
908 3281 1025 3341 hominis,
1044 3281 1087 3348 qui
1112 3280 1230 3333 indicavit
1249 3282 1277 3334 in

254 3371 284 3404 ro
303 3369 352 3404 non
372 3353 427 3404 sunt
444 3351 485 3402 liic
497 3350 611 3420 quiedam
623 3350 654 3399 ab
666 3349 742 3402 libra·
790 3353 901 3418 margine
913 3350 948 3411 id,
961 3349 1027 3419 quod
1040 3349 1112 3401 modo
1124 3360 1182 3400 nota
1193 3351 1276 3418 proxi·

255 3415 299 3475 riis
316 3431 440 3493 conupta,
452 3420 482 3471 de
499 3419 592 3489 quibus
605 3420 657 3484 jam
674 3419 741 3472 dice·
791 3437 832 3472 ma
850 3419 1004 3470 observatum
1019 3417 1069 3482 est3
1087 3417 1145 3468 usus
1166 3420 1204 3471 nis
1221 3435 1276 3471 ver-

255 3507 322 3545 mus·
630 3553 636 3560 .
791 3503 841 3564 bis,
853 3503 901 3554 Hic
912 3503 985 3574 potest
1000 3502 1087 3556 videri
1105 3489 1165 3554 dede
1176 3504 1275 3572 comple-

293 3596 335 3630 12.
354 3576 425 3629 Mors
443 3571 505 3627 nibil
520 3573 557 3624 ad
571 3573 625 3638 nos]
645 3573 676 3624 In
694 3571 741 3625 hac
789 3571 831 3624 xio
842 3572 881 3624 rel
890 3573 1012 3626 connexio.
1031 3575 1093 3626 Haec
1111 3573 1237 3624 adnotatio
1249 3570 1273 3625 in
1365 3590 1371 3598 “

254 3647 442 3700 ratiocinatione
452 3661 482 3696 an
494 3641 557 3694 nihil
568 3643 682 3694 erraverit
692 3641 740 3694 Fa·
790 3641 869 3710 ipsum
892 3653 1033 3693 contextum
1055 3643 1221 3711 intempestive
1250 3655 1274 3694 et

254 3718 324 3779 bius,
332 3717 384 3781 jam
395 3731 443 3766 non
454 3713 567 3782 disputo:
588 3711 626 3762 sed
639 3712 674 3762 ita
685 3729 740 3780 par·
789 3709 843 3762 loco
855 3711 938 3781 paullo
954 3711 1081 3780 posteriore
1092 3713 1185 3782 relata5
1204 3711 1280 3780 decſji·

255 3797 292 3838 tes
304 3787 355 3852 ejus
367 3794 489 3835 numerat.
504 3781 611 3832 Intentio
620 3781 662 3843 est,
671 3779 742 3833 Mors
789 3779 850 3830 illud
863 3797 905 3850 per
923 3779 1094 3849 compendium
1112 3781 1157 3832 scri
1176 3793 1230 3831 tum
1248 3783 1274 3834 in

254 3853 319 3907 nihil
336 3853 371 3904 ad
390 3869 447 3904 nos.-
476 3849 601 3911 assumtio,
622 3850 696 3919 Quod
709 3849 742 3920 ψ
789 3849 868 3900 dere
888 3859 1028 3914 mutatum3
1052 3867 1103 3916 quo
1121 3800 1196 3910 fado,
1215 3865 1273 3902 cum

254 3923 394 3993 dilt‘olutum
404 3921 477 3992 sensu
494 3929 579 3970 caret.-
599 3919 739 3970 etenim-dt*
789 3917 928 3970 connexioni
935 3917 972 3970 vel
981 3917 1134 3984 complexioni
1145 3917 1212 3968 loeus
1225 3935 1274 3972 non

253 3995 313 4046 ser't'e
325 3991 388 4042 hanc
406 3989 573 4041 assumtionem
592 3997 666 4039 vocat
683 4005 741 4038 mox
785 3987 836 4052 jam
848 3985 912 4047 ellet,
923 3987 1090 4038 contentionem
1107 3987 1198 4055 aliquis
1215 3987 1274 4041 Cri-

253 4065 331 4127 s.13.
350 4059 495 4130 Complexio
510 4074 558 4107 non
571 4073 614 4125 par
626 4057 741 4112 intentio·
789 4057 854 4107 ricus
874 4056 1007 4117 substituit,
1025 4055 1138 4122 idemque
1156 4055 1219 4106 fone
1238 4064 1276 4107 ulo
1365 4063 1369 4070 “

254 4133 290 4191 ni,
313 4131 352 4182 sed
375 4147 457 4200 parem
474 4127 536 4178 nim*
558 4126 659 4186 habens,
681 4127 744 4194 quod
788 4123 863 4176 ctiam
874 4125 925 4196 post
933 4124 1011 4192 potuit
1023 4126 1047 4176 in
1058 4124 1121 4175 enim
1132 4125 1249 4176 mutavit.

245 4202 319 4274 finfic
338 4209 416 4260 caret,
437 4196 499 4250 nihil
516 4196 611 4246 adnos.
638 4195 740 4246 Interim
827 4211 868 4257 ¹3·
882 4197 992 4246 Ceterum
1000 4192 1048 4242 haec
1055 4193 1188 4262 propoſstio]
1204 4191 1274 4244 Mul-

252 4287 323 4326 nemo
334 4286 393 4332 non,
405 4269 450 4339 qui
466 4263 623 4321 Aristotelice
641 4263 740 4318 ratioci-
790 4273 816 4315 to
837 4262 935 4317 facilior
952 4273 976 4315 et
997 4264 1175 4337 Qiutiilianea
1193 4263 1277 4332 magio
