3022 4920
266 391 320 442 tut
454 435 458 442 ,
492 375 676 436 M.FAB11
699 371 1047 436 QUINCTILIANI

256 561 346 608 mum
363 539 510 606 videntur
523 539 641 606 habere
662 537 805 619 rationis,
821 561 885 602 non
901 539 934 602 in
950 537 1066 604 mussas
1088 545 1214 602 tamen⁸
1237 537 1288 606 la·

255 627 366 692 borem
390 627 492 703 suum,
509 625 562 690 sed
587 625 619 688 in
642 626 730 689 locos
751 624 939 690 intendunt:
964 639 1060 712 atque
1084 624 1117 687 in
1143 624 1196 688 his
1221 649 1285 690 non

254 712 377 798 corpori
393 711 595 812 prospiciunt,
611 711 664 775 sed
686 712 820 797 abrupta
840 709 998 795 quaedam,
1013 723 1050 774 ut
1065 709 1145 774 sorte
1160 710 1199 774 ad
1214 733 1284 774 ma-

253 819 332 862 num
349 819 472 874 venere,
482 796 678 882 jaculantur.
724 795 819 860 Unde
833 797 880 874 fit,
897 811 934 859 ut
953 795 1099 858 dissoluta
1114 807 1148 859 et
1171 817 1211 859 ex
1231 796 1282 860 di·
1297 808 1316 874 7

253 883 505 969 versrsloongesta
519 883 623 946 oratio
638 881 796 945 oohaerere
812 903 876 944 non
891 881 992 966 possit,
1009 881 1177 966 similisque
1192 903 1282 946 oom-

252 969 416 1032 mentariis
431 989 601 1054 puerorum
616 968 663 1044 fit,
679 968 713 1029 in
733 989 813 1052 quos
836 987 884 1044 ea,
901 989 972 1052 quae
988 965 1058 1030 aliis
1072 966 1282 1030 declamanti-

252 1053 312 1120 bus
331 1053 459 1116 laudata
480 1054 562 1130 sunt,
578 1041 763 1138 refferuntu.
807 1053 946 1138 Magnas
968 1066 1075 1115 tamen
1099 1051 1281 1130 sententias,

251 1153 284 1202 et
298 1159 348 1202 res
363 1142 462 1204 bonas
487 1139 545 1223 (ita
558 1139 644 1201 enim
659 1136 787 1222 gloriari
807 1135 919 1214 solent)
938 1131 1064 1200 elidunt
1075 1147 1101 1200 x.
1145 1139 1233 1202 Nam
1248 1150 1282 1202 et

249 1224 371 1290 barbari
387 1237 420 1288 et
433 1224 531 1288 servi:
555 1237 588 1286 et
603 1223 621 1284 fi
638 1223 701 1286 hoc
716 1221 761 1284 sat
775 1222 828 1299 est,
844 1221 932 1284 nulla
946 1223 986 1284 est
1002 1222 1082 1284 ratio
1097 1221 1237 1286 dicendi.

293 1311 372 1373 XII.
392 1311 515 1395 (XIII.)
540 1309 591 1372 Ne
606 1308 667 1371 hoc
681 1307 810 1392 quidem
825 1307 1021 1394 negaverim,
1036 1305 1123 1391 sequi
1138 1307 1280 1392 plerum-

249 1417 312 1480 que
327 1395 410 1460 hanc
431 1395 627 1482 opinionem,
642 1405 681 1456 ut
700 1392 815 1456 fortius
836 1391 942 1456 dicere
956 1392 1124 1456 videantur
1146 1392 1279 1459 indosli.

281 1575 290 1608 t
306 1576 387 1612 tamen
399 1568 428 1614 G.
440 1574 535 1612 tantum
546 1563 577 1610 al.
643 1569 655 1593 ¹¹
674 1564 784 1624 digerunt
796 1565 827 1610 G.
844 1575 865 1611 et
876 1565 910 1610 ita
921 1565 1038 1626 conjecerat
1049 1567 1203 1612 Burmannus:
1221 1581 1279 1616 cou-

248 1641 333 1691 gerunt
349 1631 403 1677 ΑΜ,
422 1631 532 1690 redigunt
549 1628 706 1690 marg.Supl1.
719 1641 740 1676 et
751 1628 822 1692 Bnstl.
903 1638 917 1666 ¹
934 1630 1035 1691 eligunt,
1047 1645 1098 1678 non
1110 1640 1137 1678 ut
1151 1629 1243 1679 barbari
1254 1641 1280 1680 et

249 1696 321 1743 s'ervi:
339 1695 377 1742 sed
391 1693 438 1744 &a
450 1695 506 1758 earn.
518 1695 666 1742 Burmannus.

283 1861 309 1907 6.
328 1867 410 1907 tamen
428 1856 547 1922 laborem]
577 1855 679 1908 Praetuli
696 1865 737 1906 ta·
786 1854 925 1924 expellitur.
963 1856 1000 1906 Hi
1019 1855 1097 1924 igitur
1114 1856 1225 1908 homines
1245 1859 1277 1910 de

248 1945 319 1979 men.-
340 1927 385 1977 hoc
403 1928 467 1977 enim
478 1927 534 1976 vult
546 1929 650 1986 Fabius,
663 1927 737 1976 etiarn
786 1927 878 1994 quibus
891 1926 972 1976 adhuc
986 1927 1037 1994 egit
1055 1925 1157 1986 Fabius,
1170 1943 1276 1994 magnas

247 1997 291 2066 qni
312 1996 405 2046 caeteris
423 1995 555 2046 videantur
570 1995 737 2064 sapientiores,
787 1995 823 2046 illi
841 1997 942 2064 quidem
946 1993 1092 2065 sententias,
1105 2005 1129 2044 et
1145 2012 1184 2046 res
1203 1996 1276 2048 bonas

247 2083 288 2116 eos
299 2074 381 2116 tamen
393 2065 460 2132 ipsos
469 2083 569 2133 quoque
577 2082 622 2115 nan
634 2063 660 2114 in
669 2065 737 2144 cuus-
787 2065 898 2132 (ῥήματα,
917 2077 1072 2134 argumenta,
1089 2065 1164 2114 verba
1184 2067 1273 2134 etiam)

239 2137 295 2205 sas,
308 2151 359 2201 quo
376 2136 515 2202 oportebat,
529 2135 567 2185 sed
584 2133 610 2186 in
627 2132 686 2184 lacos
702 2151 738 2185 m-
785 2132 884 2194 elidunt,
895 2135 1034 2186 extendunt
1051 2131 1104 2194 fibi,
1118 2144 1142 2184 et
1154 2144 1273 2202 tanquam

245 2204 342 2255 tendere
353 2203 467 2264 laborem.
786 2203 900 2254 abortum
919 2204 1027 2272 aliquem
1047 2220 1098 2254 nou
1116 2201 1162 2254 fine
1182 2222 1274 2270 magno

280 2291 305 2336 7.
325 2273 452 2340 regerunt]
466 2275 521 2340 Jam
534 2272 670 2342 probabilis
682 2285 735 2326 erat

244 2342 381 2394 Bonnanni
398 2343 545 2407 conjedtura.
581 2342 656 2393 Nunc
675 2361 734 2395 cum

244 2411 326 2463 firmat
338 2410 406 2462 illam
417 2413 673 2482 membranaoptima,
682 2413 734 2477 jam

243 2481 393 2550 repositurus
405 2499 481 2542 eram,
493 2481 536 2532 nisi
554 2498 654 2534 manum
673 2481 733 2548 inje-

243 2551 310 2603 cisset
322 2551 388 2603 Voss‘.
402 2551 432 2602 de
443 2555 491 2602 vit.
505 2550 574 2602 senn.
591 2571 615 2612 ι,
630 2555 672 2602 18.
688 2554 733 2621 qui

242 2619 318 2673 libros
330 2620 415 2671 laudat
432 2621 551 2690 optimos,
564 2631 588 2670 et
600 2622 631 2672 ad
650 2619 734 2672 locum

242 2691 346 2741 alterum
366 2691 440 2742 Fabii
458 2700 577 2759 provocat
598 2710 622 2756 3,
642 2693 667 2750 6,
689 2695 731 2756 58.

243 2761 289 2812 ubi
309 2778 358 2812 non
378 2753 415 2812 ita
432 2757 513 2810 facilis
532 2759 564 2810 est
584 2760 731 2813 emendatio.

242 2830 368 2906 Sapienter
379 2831 473 2898 itaque,
486 2840 514 2880 ut
530 2827 597 2889 solet,
609 2829 733 2880 Burman-

241 2915 288 2949 nns
311 2899 434 2950 eruditam
454 2899 616 2965 conjesturam
635 2917 731 3018 ¹propo-

241 2968 298 3029 suit,
311 2986 413 3018 manum
424 2987 438 3019 a
450 2971 586 3018 mutatione
602 2968 633 3017 ab
655 2970 729 3022 inuit.

241 3039 378 3106 Congerunt
395 3051 419 3089 et
436 3037 550 3106 redigunt
567 3039 731 3103 aconjeblura

239 3106 283 3157 esse
299 3109 404 3158 arbitror
421 3109 550 3158 hominum
567 3107 730 3170 eruditorum,

240 3177 284 3244 qui
297 3189 321 3227 et
333 3176 375 3246 ipsi
392 3188 506 3245 regerunt
519 3176 579 3228 illud
591 3194 729 3248 concoque.

239 3263 265 3296 re
276 3265 324 3297 non
337 3246 436 3313 possent.
474 3249 533 3298 Vid.
548 3248 578 3298 ad
593 3265 618 3311 3,
632 3249 657 3308 6,
673 3252 714 3312 58.

275 3335 301 3378 7.
319 3316 429 3381 elidunt]
458 3320 549 3368 Sanum
572 3334 620 3368 non
643 3319 727 3380 modu,

238 3385 275 3436 sed
300 3385 435 3454 elegantem
459 3390 533 3438 etiam
554 3397 616 3456 puto
634 3387 727 3442 locum.

238 3455 336 3507 Elidere
347 3456 378 3508 est
390 3459 415 3507 vi
428 3458 535 3524 quadam
551 3457 685 3517 extrudere,
697 3469 728 3508 ut

236 3523 312 3576 laedas
328 3525 365 3576 vel
383 3525 444 3578 illud
463 3526 529 3596 quod
545 3526 670 3586 extrudas,
689 3527 727 3578 vel

237 3596 302 3646 unde
314 3597 438 3648 extendas.
476 3597 551 3648 Plura
562 3596 672 3664 exempla
682 3596 727 3647 da-

238 3664 276 3716 bit
305 3665 378 3716 index
408 3667 433 3717 in
456 3666 566 3717 Plinium
590 3666 725 3718 Harduini.

237 3735 296 3786 Huc
314 3736 388 3786 etiam
409 3738 514 3804 pertinet
526 3737 616 3786 Horat.
634 3735 683 3806 Ep.
699 3755 725 3796 1,

239 3821 281 3868 15,
295 3807 320 3854 6.
340 3806 385 3856 ubi
388 3805 492 3874 steffura
503 3803 626 3873 cessantem
637 3805 726 3856 nervis

234 3873 323 3924 elidere
334 3875 441 3925 morbum
452 3875 579 3927 dicuntur.
606 3876 725 3944 Inprimis

234 3959 293 3994 vero
313 3944 362 3995 huc
381 3943 460 3996 facere
477 3957 538 4014 puto
550 3943 724 4004 Columellam,

234 4013 280 4087 qui
302 4011 347 4063 hoc
366 4016 441 4065 verbo
459 4017 542 4066 utitur
561 4017 642 4078 6,23‚
658 4033 681 4064 1.
702 4025 726 4064 et

236 4091 262 4144 7,
275 4103 300 4148 9,
312 4101 335 4147 9.
349 4081 380 4133 de
390 4094 499 4153 conceptu
512 4083 656 4136 animalium
668 4101 723 4151 gra-

234 4152 358 4212 vidorum,
372 4171 429 4204 cmn
443 4155 463 4204 is
480 4169 521 4224 per
532 4156 583 4204 vim
601 4153 725 4222 quandam

233 4233 357 4274 externam
381 4235 436 4276 ante
459 4224 600 4294 legitimum
628 4235 725 4293 tempus

782 2284 882 2333 conatu,
900 2273 962 2334 nisu,
973 2276 1034 2342 quin
1051 2272 1134 2324 dolore
1145 2284 1170 2325 et
1187 2262 1274 2327 moles-
1327 2320 1329 2328 .

782 2344 828 2401 tia,
845 2342 957 2406 ejiciunt.
995 2345 1047 2394 Nec
1068 2345 1170 2394 mirum.
1206 2345 1275 2398 Nam

782 2421 806 2462 et
815 2409 918 2464 barbari
925 2423 949 2464 et
953 2413 1030 2484 servi
1040 2413 1087 2464 hoc
1096 2429 1274 2483 nonnunquam

782 2478 889 2543 faciunt,
897 2494 926 2532 ut
938 2483 1064 2534 commode
1073 2483 1157 2534 dicant
1168 2483 1274 2554 aliquid,

782 2562 807 2602 et
829 2552 860 2601 ab
884 2552 983 2623 ingenio
1007 2551 1059 2618 suo¹
1072 2552 1169 2622 aliquid
1192 2555 1276 2624 expri-'

782 2633 868 2671 manta
887 2621 1273 2744 etſsharsatefldrnihilaliud

782 2691 925 2760 expediatur
936 2709 950 2743 a
961 2693 986 2743 di
997 2696 1067 2754 ertis,
1077 2691 1145 2744 nulla
1155 2695 1186 2762 est
1197 2696 1273 2760 ratio,

781 2759 903 2822 doitrina,
919 2761 1008 2825 sorma,
1020 2765 1070 2824 via,
1090 2775 1221 2832 praecepta,
1233 2765 1272 2817 di·

782 2829 865 2882 cendi:
888 2842 941 2883 tota
961 2845 1012 2885 arte
1035 2851 1116 2884 carere
1137 2833 1272 2902 possumus,

782 2898 798 2950 sa
818 2900 836 2950 ii
854 2901 909 2952 sunt
932 2916 1050 2964 oratores,
1069 2903 1113 2970 qui
1137 2902 1272 2970 aliquando

781 2985 898 3037 maguum
919 2973 1039 3040 quiddam
1056 2972 1151 3030 dicunt,
1170 2983 1214 3022 aut
1234 2973 1271 3022 lo-

780 3055 892 3106 quuntur
903 3040 1042 3093 sententias.
1082 3039 1148 3091 Illud
1159 3057 1219 3091 nanu
1230 3042 1269 3092 in-

779 3109 866 3176 primis
878 3109 975 3180 elegans
984 3109 1029 3162 est:
1044 3109 1087 3161 ubi
1099 3110 1268 3169 concedimus,

779 3179 847 3245 quod
865 3179 926 3230 alter
947 3181 1021 3240 dixit,
1038 3177 1077 3230 sed
1095 3177 1156 3228 illud
1174 3179 1205 3229 ad
1222 3178 1270 3234 nos

778 3247 839 3298 nihil
856 3249 975 3315 pertinere
992 3247 1167 3319 significamus,
1179 3261 1208 3300 ut
1218 3249 1266 3302 Po·

777 3317 846 3385 pulla
855 3319 937 3369 Marci
946 3318 1020 3378 Filia,
1030 3318 1061 3369 ad
1069 3329 1154 3369 notam
1164 3321 1269 3371 interro.

776 3387 912 3453 gationem,
925 3386 1148 3460 Numbissiaesunt.
1168 3389 1268 3442 Similsi-

776 3473 818 3507 ma
830 3457 893 3507 ratio
904 3457 968 3509 infra
980 3478 1006 3519 a,
1016 3477 1059 3519 20,
1069 3477 1110 3508 ιο.
1123 3456 1221 3510 Namet
1229 3461 1268 3510 la-

776 3526 1049 3594 trapugnabitucriter.
1071 3527 1128 3578 Cic.
1138 3527 1213 3579 Brut.
1224 3549 1266 3591 17.

776 3595 905 3666 Antiquior
920 3597 952 3666 ss
963 3596 1061 3650 Catonis
1064 3598 1154 3667 sermo,
1167 3607 1190 3647 et
1201 3615 1266 3666 quae-

774 3665 834 3715 dum
850 3663 988 3719 horridiora
998 3665 1107 3722 verba?
1143 3665 1184 3716 sta
1201 3667 1265 3720 enim

776 3745 828 3785 tum
838 3733 1005 3805 loquebantur.

817 3823 842 3856 ι.
863 3804 900 3858 Ne
920 3805 961 3858 hoc
982 3805 1075 3876 quidem
1097 3805 1274 3872 negaverim}

774 3873 857 3944 Qum
866 3874 931 3928 arste
940 3876 982 3928 ista
991 3877 1126 3928 cohaereant
1132 3871 1264 3946 superiori-

774 3945 832 4005 bus,
844 3961 915 3996 nemo
932 3963 980 3996 non
991 3947 1068 3998 videt.
1105 3945 1163 4016 Qo
1180 3947 1265 4002 minus
1322 4009 1326 4014 ί

774 4021 904 4082 peccatum
924 4009 1021 4067 anobis
1039 4014 1080 4075 est',
1092 4031 1151 4065 curn
1166 4013 1265 4067 divisio·

774 4085 813 4134 nis
833 4081 901 4134 illius
919 4101 968 4135 non
987 4086 1031 4146 ita,
1048 4094 1078 4136 ut
1097 4085 1123 4135 in
1144 4082 1265 4154 plerisque

773 4151 923 4204 editionibus
953 4152 1049 4208 fastum
1076 4153 1119 4218 est,
1143 4154 1268 4209 rationem

775 4223 918 4275 habuimus.
