3000 4908
285 425 346 502 „a
547 421 593 484 nr.
614 419 740 484 nanu
765 400 1109 484 ournorrm'anr

276 583 347 676 ipso
371 585 463 654 vultu
490 585 616 652 risum¹¹⁸
642 585 738 652 etiarn
763 595 929 652 moventes
953 585 1034 674 sepe
1048 582 1310 734 “vicli-pracipue

278 693 368 752 vero,
383 693 459 738 oum
474 671 579 759 aliqua
593 671 680 738 velut
701 671 824 737 scenice
844 671 962 738 fiuntr.
1005 670 1179 770 Transtult
1198 684 1306 770 patro-
1318 683 1367 749 39

278 780 341 823 nus
354 757 523 843 aliquando
543 755 695 846 puellam,
734 779 784 820 uae
805 756 890 820 soror
911 755 972 820 ell'e
992 755 1156 820 adversarii
1177 754 1307 820 dreeba-

278 855 343 942 tur,
363 849 450 942 (uam
465 843 505 908 de
520 841 584 942 hoo
604 841 645 906 lia
660 779 744 940 erui)
770 839 803 905 in
824 840 951 942 adversa
970 839 1124 940 subsellia,
1140 853 1308 940 tamquam
1351 893 1357 902 ,

278 947 462 1076 ilidii?
486 927 592 1076 litt
608 925 808 1074 ii¹⁶ll'⁰⁵ul
824 925 1309 1080 titttttl'tnt'tttttt

278 1097 351 1162 casu
371 1059 546 1175 obmutuit,
562 1109 596 1160 et
618 1031 774 1160 infirmarii
796 1095 883 1160 suam
906 1055 1103 1184 frigidiliime
1121 1031 1305 1182 lieportavit.

278 1182 374 1246 Aliua
388 1180 562 1282 imaginem
576 1178 682 1279 mariti
696 1201 754 1266 pro
767 1201 821 1244 rea
833 1179 971 1280 proferre
986 1180 1250 1330 magnokputavitr
1273 1194 1307 1244 at
1315 1192 1367 1254 40

277 1289 317 1332 ea
333 1267 446 1354 saeprua
460 1267 556 1330 nsum
571 1264 658 1330 fecit.
703 1267 791 1330 Nam
813 1277 846 1330 et
861 1287 896 1343 rr,
911 1287 1049 1351 quorum
1119 1287 1162 1329 ou
1176 1277 1252 1346 erat,
1268 1279 1307 1331 ut
1353 1317 1357 1326 ,

197 1377 201 1392 ’
277 1351 438 1416 traderent
458 1349 567 1432 eam,i
594 1349 660 1414 nari
679 1349 736 1436 qui
750 1349 825 1414 effet
838 1349 996 1436 epilogus,
1010 1349 1137 1435 quoties
1157 1349 1306 1438 respexis-

276 1435 324 1501 iet
349 1449 512 1522 patronus,
590 1435 703 1499 rebant
726 1434 842 1521 palam,
857 1446 890 1499 et
910 1434 1031 1520 prolata
1057 1434 1231 1515 novillime,
1246 1435 1306 1499 de-

277 1519 439 1586 formitate
452 1527 465 1552 ⁰
487 1520 563 1620 ipia·
576 1523 663 1604 (nam
678 1519 768 1620 ’senia
797 1520 940 1620 cadayeri
969 1518 1082 1620 infusa)
1114 1520 1304 1620 preteritum

277 1603 1208 1790 ttttttftlttttitttattitulfflnttttt’
1249 1603 1308 1754 ti
1316 1616 1361 1750 ⁴¹.

278 1795 482 1924 lw'ilim
497 1773 1308 1947 ¹2'nlttttttittrtmielffltttttttttt‘t

278 1875 440 2032 aidini
481 1944 615 2009 iceronia
636 1943 743 2007 fabula
763 1944 921 2008 efficacius
936 1944 977 2009 ad
998 1930 1138 2029 perioitla
1157 1965 1176 2009 e
1199 1943 1305 2032 ilogo-

279 2051 365 2094 rum.
410 2030 530 2094 Omnia
558 2042 663 2094 tamen
694 2029 764 2092 haec
793 2027 980 2107 tolerabilia,
1009 2030 1126 2116 quibus
1198 2029 1366 2104 ionem42

279 2127 404 2180 mutare
417 2113 511 2179 facile
522 2114 587 2179 est:
608 2123 653 2195 at,
667 2114 724 2201 qui
738 2136 758 2178 a
778 2113 847 2180 stilo
861 2135 927 2179 non
947 2114 1112 2195 recedunt,
1126 2127 1182 2179 aut
1202 2111 1308 2180 oonti·

311 2321 331 2346 ¹⁵
350 2313 391 2363 Sic
409 2313 440 2362 G.
465 2314 526 2382 qood
543 2313 715 2375 ipparrroirrgor
735 2313 854 2362 uidebatur
873 2313 943 2362 altero
962 2313 1034 2363 ritum
1054 2329 1120 2364 mot.
1142 2315 1203 2378 saepe
1224 2316 1313 2366 etim

279 2385 294 2416 ¹
313 2379 370 2426 aliar
381 2379 472 2426 uadunt
483 2377 564 2445 irrJLG.
576 2378 639 2426 lens.
656 2379 699 2441 nist
708 2381 766 2444 qood
774 2381 821 2427 alia
832 2381 863 2428 G.
886 2379 940 2428 eutr
950 2389 1024 2427 urm
1033 2379 1143 2428 simleri·
1153 2381 1272 2427 varietatis
1282 2381 1310 2428 in
1339 2419 1342 2429 .

280 2445 348 2492 werlo
359 2444 429 2492 fiunt.
512 2447 523 2470 ⁰
539 2443 689 2492 deformante
698 2443 747 2505 ipsa
757 2455 843 2494 natura
853 2445 913 2494 ceria
923 2445 1023 2494 oudam
1033 2445 1138 2494 intusum
1149 2446 1181 2496 G,
1199 2445 1309 2494 lartum

280 2509 382 2558 multura.
408 2509 548 2558 &rotonam
559 2510 614 2570 ooaj.
626 2522 685 2558 uam
695 2509 755 2558 leuia
767 2510 879 2558 cadaueri
886 2522 941 2558 ceta
951 2509 1036 2558 intuta.
1100 2514 1112 2550 Ρ
1127 2509 1149 2560 it
1158 2510 1188 2558 G.
1199 2510 1264 2560 leui.

281 2688 374 2749 dentes,
394 2687 462 2758 quod
482 2686 608 2757 respondet
627 2687 710 2741 verbio
728 2685 770 2758 qui
817 2703 867 2756 que
885 2686 1016 2758 effingeudi
1031 2687 1163 2758 Lytsmto
1184 2687 1311 2748 tribuitur

282 2755 424 2811 excitatur.-
454 2757 499 2826 qui
521 2758 587 2810 enim
610 2757 731 2810 excitatus
754 2772 770 2807 a
817 2773 834 2808 a
852 2753 935 2810 Plinio
957 2775 999 2822 35,
1022 2775 1063 2809 ra.
1085 2757 1104 2810 s.
1125 2774 1171 2822 44.
1198 2759 1243 2828 qui
1259 2758 1309 2814 sub

282 2837 386 2897 patrono
398 2826 488 2878 adllare
505 2825 620 2886 debebat,
633 2835 657 2876 et
676 2825 769 2876 subser-
818 2825 935 2880 Turnebi
945 2827 1043 2879 nornine
1053 2826 1094 2879 hic
1108 2825 1234 2879 laudatur.
1290 2821 1294 2830 ⁴

281 2893 414 2948 vircilliue
431 2895 553 2960 orationi3
571 2893 589 2948 sr
606 2893 771 2966 intempestive
853 2911 899 2956 41.
925 2911 959 2946 ex
976 2895 1120 2965 pedagogo]
1149 2897 1219 2949 Num
1241 2893 1325 2948 forte¹
1354 2933 1358 2940 ·

281 2974 309 3016 et
328 2965 404 3017 otiose
420 2961 488 3033 quai
507 2963 614 3026 reddeat,
633 2961 715 3032 frigus
734 2962 771 3015 illi
819 2962 913 3034 puerile
930 2964 1046 3034 loquendi
1069 2981 1148 3034 genus
1166 2981 1199 3017 ex
1217 2965 1306 3034 pada-

283 3033 380 3099 objieit,
398 3045 422 3086 et
441 3032 505 3086 male
524 3033 679 3104 eornpotitoru
698 3031 771 3088 fabu-
814 3047 878 3154 {ogo
897 3049 942 3103 pto
961 3051 979 3086 a
995 3031 1156 3103 padagogo?
1184 3034 1308 3106 Exempla
1357 3063 1362 3068 ·

283 3101 334 3156 lam
347 3103 440 3172 arguit.
459 3103 516 3172 Jam
527 3101 628 3172 pulchre
640 3101 686 3156 hoe
697 3102 771 3164 vidit,
842 3101 887 3153 lori
901 3119 926 3166 ς,
940 3106 981 3164 16,
992 3121 1020 3168 4.
1033 3103 1062 3156 In
1073 3120 1100 3155 eo
1110 3103 1213 3156 tumultu
1224 3119 1308 3172 regern

284 3172 328 3240 qui
341 3171 487 3240 plurimum,
501 3171 667 3226 Burmannus.
812 3171 886 3241 βα
894 3170 1043 3240 flatellitibres
1049 3169 1105 3242 suis
1115 3171 1269 3242 appellaturi,
1280 3184 1307 3226 et

322 3245 363 3305 38.
383 3257 437 3294 cum
448 3239 532 3312 aliqrea
548 3239 621 3292 velut
629 3237 723 3310 scenice
736 3237 771 3306 fi
822 3257 848 3300 2,
862 3242 887 3298 6,
901 3259 944 3302 27.
970 3240 1036 3292 Hinc
1054 3241 1166 3301 illud,ex
1183 3241 1308 3311 populoru
1352 3241 1356 3251 “

284 3310 342 3374 ont]
370 3309 436 3361 Cum
449 3311 473 3361 in
491 3309 586 3375 judicio
605 3319 629 3358 et
642 3310 705 3364 inter
715 3309 772 3359 sub·
821 3307 921 3376 imperii
925 3311 1023 3381 scutum
1041 3321 1183 3371 wearetur,
1200 3327 1249 3362 non
1266 3311 1307 3362 vi-

174 3435 176 3437 ,
283 3379 351 3434 sellia
361 3381 475 3452 quadarn
486 3377 554 3448 quati
566 3381 591 3430 in
603 3378 674 3430 scena
686 3376 772 3430 abula
819 3377 909 3430 dentur
926 3378 998 3450 plane
1013 3379 1117 3444 similla,
1135 3397 1192 3433 cum
1211 3390 1308 3448 partem

285 3450 379 3502 eitun
409 3448 474 3500 Satis
485 3448 531 3499 hoe
542 3445 680 3500 declaratur
690 3461 772 3499 exem-
821 3445 951 3509 satellitum
975 3459 1000 3501 et
1023 3448 1107 3518 populi
1130 3449 1161 3504 src
1190 3449 1309 3512 iudicari,

284 3467 333 3591 piis
345 3519 377 3575 ab
389 3517 440 3586 ipso
452 3517 541 3569 Fabio.
821 3516 914 3568 causari
926 3516 1017 3588 aliquia
1030 3517 1109 3586 potiit.

321 3606 365 3652 40.
379 3585 531 3655 deformitate
541 3584 604 3654 ipsa]
619 3584 774 3704 SMQtint·
856 3603 901 3648 μ.
919 3596 1003 3639 coena
1015 3586 1121 3656 Cepaſsos
1136 3585 1186 3638 Cic.
1198 3585 1307 3652 salah]

285 3658 374 3710 tiliano
392 3658 466 3708 verba
483 3655 582 3706 reddere
598 3651 698 3706 difficile
719 3665 772 3705 orte
822 3655 880 3722 Jam
899 3656 983 3724 tetigit
1000 3673 1029 3721 4,
1049 3675 1075 3716 a,
1098 3675 1147 3721 ¹9²
1174 3656 1308 3724 explicabit
1351 3679 1354 3688 ¹

286 3728 312 3778 in
323 3736 394 3780 tanta
404 3725 522 3776 varietate
533 3723 618 3776 fuerit.
647 3722 772 3774 Sententia
819 3741 879 3775 mox
898 3727 923 3785 6,
938 3741 963 3788 3,
977 3743 1018 3792 39.
1046 3723 1118 3777 Nihil
1134 3741 1163 3776 ea
1182 3725 1310 3778 efficacius

286 3797 344 3850 satia
357 3793 493 3866 perspicua.
522 3795 612 3862 Imago
630 3791 772 3843 nonadvi-
821 3793 1085 3856 addemonlirandurn,
1096 3793 1184 3862 quanti
1195 3811 1232 3846 res
1243 3794 1310 3864 peri-

284 3882 346 3916 rum
364 3877 389 3915 et
406 3860 510 3914 animale
530 3859 668 3932 exemplum
687 3861 772 3912 imita·
822 3859 873 3913 culi
898 3861 936 3923 srt,
957 3861 1052 3915 scenam
1077 3861 1193 3929 ejusmodi
1215 3873 1240 3914 et
1258 3862 1311 3914 roi·

286 3935 353 3986 tione
369 3929 534 4000 expressa,sed
550 3930 653 3999 gypsum
671 3930 773 3980 cadave-
821 3947 892 3982 mum
914 3930 1027 3984 instruere
1046 3933 1073 3984 in
1095 3930 1211 4000 epilogis,
1232 3947 1310 4002 quem

285 4005 319 4064 ri,
331 4000 399 4070 quod
409 3999 554 4052 naturaliter
569 4015 635 4052 mors
651 3997 773 4052 delonna-
821 3999 909 4052 deinde
925 3999 1058 4053 destituant
1074 3999 1176 4063 adiuret,
1188 4000 1226 4053 uel
1245 4001 1313 4053 male

286 4075 374 4131 verat,
389 4068 536 4137 induilum3
566 4069 592 4120 in
609 4085 665 4120 eam
686 4067 774 4122 deinde
823 4079 887 4121 uerte
897 4079 1025 4139 peragant.

286 4139 392 4192 formam
411 4155 466 4190 cera
485 4135 564 4191 infusa
583 4135 682 4190 fuerat:
708 4137 774 4189 unde
856 4155 902 4200 42.
920 4155 938 4188 a
948 4137 1005 4207 stilo
1024 4155 1070 4190 non
1088 4138 1218 4204 recedunt]
1237 4139 1312 4191 Nun-

286 4211 371 4331 iplraago
381 4217 406 4259 et
416 4207 467 4330 ipsa
476 4205 593 4331 deivpssrrplit
604 4206 679 4327 e'rriitl.¹
695 4205 774 4258 Ratio
822 4223 901 4329 pugn}
916 4207 1013 4328 dictum,
1024 4206 1067 4260 nili
1083 4207 1150 4276 quod
1162 4217 1226 4330 ta'nie
1241 4207 1314 4261 domi

279 4299 295 4332 -r
342 4295 411 4331 viros
448 4293 496 4331 tam
582 4291 689 4347 sgypo
705 4290 774 4330 ceta·
832 4291 946 4348 ariperto
966 4298 973 4330 r
990 4290 1314 4331 uouuommenanurmo-
