3022 4920
431 348 603 455 rusam
625 393 826 454 naiton.
848 393 932 455 ran
952 397 977 454 1.
999 409 1027 473 7,
1209 391 1247 473 ἐς

166 569 175 608 -“
216 573 315 644 quem
341 552 498 644 separatae,
523 560 685 626 observare
703 557 881 638 conveniat,
898 572 935 622 ut
960 581 1035 623 cum
1062 557 1145 636 dien,
1171 557 1247 620 obti-

215 644 334 708 nnit¹¹r
356 645 524 708 secondam
539 645 626 709 enim'
643 647 660 709 b
679 645 800 708 literam
817 645 897 708 ratio
911 646 1022 731 poscit,
1038 664 1129 707 aures
1144 644 1249 729 magia

182 725 354 793 8audiunt
391 778 398 793 .
439 733 485 794 *Et
511 731 652 809 inmunis,
668 731 747 794 illud
771 755 803 808 n,
824 731 910 814 quod
934 731 1048 794 veritas
1072 728 1186 815 exigit,
1201 731 1248 792 se·

181 831 203 895 9
217 816 346 899 quentis
360 745 487 902 lirllabae
500 817 576 881 sono
591 817 724 894 rislum,
741 841 769 878 ne
784 817 913 902 gemina
928 829 1156 880 commutatur.
1197 815 1250 876 Est

216 899 313 962 etiam
341 900 374 963 in
389 901 567 965 dividendis
592 903 696 966 verbis
710 902 885 966 observatio
895 903 914 980 ¹,
930 903 1156 964 consonantem
1182 900 1249 985 pri-

215 983 276 1063 ori,
303 1007 343 1049 an
367 985 509 1072 sequenti
534 988 662 1074 syllabae
686 988 851 1074 adjungaS.
895 989 1036 1072 Arnjpen
1060 986 1158 1062 enim,
1174 985 1251 1070 quia

214 1090 288 1155 para
302 1071 372 1156 ejus
387 1072 535 1158 posterior
548 1070 734 1158 aspectandi>
749 1075 842 1160 est‚s,
858 1072 981 1136 literam
997 1071 1097 1134 tertiae
1114 1071 1246 1134 dabit¹⁹:
1295 1117 1297 1122 -

216 1153 381 1238 abstemius,
403 1155 480 1243 quia
503 1180 543 1221 ex
568 1157 754 1222 abstinentia
780 1154 891 1222 temeti
914 1181 985 1222 eom
1010 1158 1085 1220 os1ta
1107 1179 1167 1220 vox
1193 1157 1249 1235 est,

161 1254 204 1300 ιο
215 1241 328 1324 primae
344 1241 541 1328 relinquetur
551 1255 576 1306 ¹.
602 1245 688 1306 Nam
704 1246 721 1306 k
737 1243 867 1330 quidem
883 1243 915 1306 in
931 1179 1028 1306 nuliis
1041 1241 1143 1308 verbis
1156 1257 1250 1305 uten-

216 1324 296 1389 dum
312 1341 402 1412 pute,
420 1327 473 1390 nisi
490 1329 596 1412 quaefi
623 1329 743 1407 nificat,
759 1329 854 1392 etiam
874 1343 912 1392 ut
926 1329 991 1392 sola
1005 1341 1150 1420 ponatur.
1174 1329 1250 1391 Hoc
1278 1387 1280 1390 .

216 1433 255 1473 eo
265 1433 328 1474 non
338 1413 528 1498 omisr,quod
539 1352 670 1499 quidam
681 1437 764 1492 earn,
775 1413 903 1500 quoties
914 1437 934 1476 a
942 1413 1099 1500 sequatur,
1111 1411 1248 1476 necessa·

215 1495 294 1560 riam
311 1495 466 1562 credunt;
490 1521 564 1561 eum
581 1499 616 1562 fit
631 1525 645 1562 c
658 1499 760 1577 litera,
777 1522 848 1584 quae
863 1498 904 1562 ad
918 1520 1030 1562 omnes
1044 1497 1168 1561 vocales
1183 1497 1249 1560 vim

161 1593 201 1644 11
216 1581 304 1644 suam
328 1570 474 1669 perse'rat.
520 1585 642 1648 Verum
669 1583 897 1670 orthographia
922 1605 1051 1670 quoque
1079 1582 1249 1650 consuetu·

215 1665 283 1728 dini
298 1667 403 1744 servit,
419 1669 554 1753 ideoque
568 1671 645 1755 saepe
660 1683 782 1732 mutata
800 1671 855 1734 est.
898 1671 984 1732 Nam
1008 1670 1062 1734 illa
1084 1668 1248 1732 vetustissi-

160 1792 164 1803 ‹
215 1773 269 1814 ma
283 1753 406 1817 transeo
421 1753 575 1839 tempora,
615 1757 711 1818 uibus
726 1770 759 1818 et
772 1755 936 1840 panciores
952 1755 1063 1832 literae,
1081 1775 1140 1817 nec
1163 1753 1245 1816 simi-

215 1836 262 1900 les
277 1837 327 1900 bis
343 1839 454 1902 nostris
474 1861 583 1902 earum
593 1779 708 1903 lormae
722 1839 863 1919 fuerunt,
887 1853 920 1904 et
940 1841 986 1903 vis
1001 1861 1130 1926 quoque
1143 1839 1249 1902 diver-

214 1921 267 1986 sa:
291 1925 370 1987 ficut
395 1925 479 2009 apud
507 1926 637 1989 Graecos
666 1949 680 1989 ο
706 1927 806 1989 literae
816 1934 840 2004 ⁰,
856 1949 930 2010 quae
956 1925 1083 1988 interim
1099 1925 1197 2010 longa
1211 1945 1249 1986 ac

215 2007 331 2087 brevis,
349 2021 385 2072 ut
411 2010 495 2095 apud
518 2031 588 2090 noe,
612 2011 740 2074 interim
765 2033 822 2096 pro
847 2011 978 2095 syllaba,
995 2031 1092 2095 quam
1118 2009 1251 2072 nomine

162 2107 202 2156 12
215 2092 270 2156 suo
284 2077 445 2180 expiimit‚
462 2096 560 2181 posita
571 2097 612 2158 est
627 2121 634 2159 ι
658 2113 695 2160 ut
708 2097 830 2159 Latinis
847 2096 1006 2160 veteribus
1020 2097 1042 2156 d
1054 2095 1200 2181 plurimis
1215 2094 1249 2156 in

214 2178 319 2244 verbis
345 2179 516 2244 ultimam}¹
539 2179 717 2267 adjediam:
755 2181 842 2267 quod
868 2180 1065 2244 manifestum
1087 2182 1131 2244 est
1151 2181 1249 2243 etiam
1280 2257 1282 2262 Ι

215 2285 255 2327 ex
279 2263 430 2328 columna
456 2267 594 2344 rostrata,
609 2289 682 2351 quae
706 2268 749 2330 est
773 2267 812 2330 C.
835 2265 967 2330 Duellio
991 2266 1024 2328 in
1046 2265 1116 2330 soro
1138 2266 1248 2351 posita.

216 2349 350 2412 Interim
363 2375 388 2435 g
402 2373 541 2436 quoque,
557 2353 641 2414 utin
657 2353 813 2438 pulvinari
832 2352 927 2431 Solis,
942 2351 998 2436 qui
1021 2352 1139 2415 colitur
1154 2351 1249 2436 juxta

169 2461 171 2468 ¹
216 2433 317 2497 aedem
341 2435 471 2500 Quirini
497 2438 636 2522 vesprerug
648 2463 659 2516 ;
696 2437 784 2524 quod
811 2437 1031 2525 vesperuginem
1060 2435 1247 2584 acciplimru.

162 2530 201 2596 13
216 2520 268 2583 De
283 2521 460 2618 mutatione
472 2521 569 2583 etiam
583 2522 758 2600 literarum,
771 2523 812 2586 de
826 2544 890 2608 qua
903 2523 994 2619 supra
1007 2521 1085 2599 dixi,
1100 2521 1133 2584 ni
1159 2521 1247 2619 ilre-

215 2617 322 2702 petere
338 2606 391 2670 hic
412 2607 551 2670 necesse:
578 2607 701 2698 sortasse
726 2609 813 2672 enim
838 2609 915 2672 sicut
937 2608 1127 2688 scribebant,
1150 2620 1247 2670 ettam

248 2789 260 2821 ¹¹
281 2793 305 2839 in
323 2793 363 2858 inſs
381 2794 481 2855 Cappet.
498 2796 534 2842 cui
544 2795 654 2860 respondet
668 2797 725 2842 Bur.
742 2795 813 2856 Epist.
827 2811 851 2857 p.
867 2805 904 2852 17.
921 2793 1017 2854 intelligi
1028 2804 1084 2840 certe
1097 2793 1175 2854 potest,
1188 2805 1247 2840 cum

214 2855 310 2904 dicitur.
376 2861 508 2908 ¹medtam
523 2861 616 2908 literam
628 2861 668 2924 inf
682 2862 711 2908 G.
723 2862 787 2906 lens.
852 2867 871 2889 ¹¹
891 2861 1002 2906 dabimus
1015 2860 1044 2906 G.
1056 2859 1120 2906 lens.
1185 2865 1247 2904 ¹re-

214 2919 317 2982 linquet,
329 2922 433 2969 nimirum
437 2925 460 2987 s
464 2923 522 2970 illud
531 2926 633 2980 medium,
647 2925 758 2986 legendum
771 2924 847 2988 ceefieo.
912 2930 923 2953 ⁰
942 2924 1009 2970 litera
1021 2925 1051 2970 G.
1061 2923 1125 2970 lens.
1181 2927 1193 2960 Ρ
1209 2921 1247 2970 ul·

119 2999 121 3004 ’
214 2986 282 3032 timae
292 2987 383 3044 adjedla
395 2990 501 3036 Francius
520 3001 557 3052 ap.
570 2992 649 3036 Burni.
667 2990 749 3054 quidfi
765 2990 881 3036 ultimum
892 2987 1031 3047 adjedlum?
1049 2988 1095 3036 Sed
1107 2987 1178 3050 polest
1190 3001 1246 3052 pen-

214 3049 265 3099 dere
275 3069 303 3098 ex
313 3052 379 3098 verbo
390 3055 489 3105 transeo.
593 3103 596 3108 ,

251 3233 277 3278 7.
296 3213 409 3279 obtinuit]
430 3216 491 3266 Sunt
503 3215 556 3265 saue
574 3213 647 3265 multi
661 3233 703 3265 co-
752 3231 798 3282 pro
816 3212 924 3282 negandi
941 3211 1065 3281 particula
1081 3202 1107 3262 ai.
1136 3215 1199 3267 Haec
1217 3234 1242 3267 e-

214 3283 291 3342 dices,
311 3286 336 3334 in
354 3287 446 3352 quibus
464 3284 574 3354 optinuit,
586 3294 703 3352 opterere,
752 3285 804 3334 nim
823 3302 846 3344 e,
871 3283 926 3334 Una
937 3281 994 3348 sleit
1011 3291 1117 3346 tantum,
1133 3301 1183 3353 qua
1202 3303 1242 3336 re.

214 3365 239 3412 et
256 3353 343 3406 similia
359 3355 494 3406 constanter
511 3355 639 3406 scribiturr
660 3371 703 3422 pa·
744 3353 863 3421 spondere
887 3352 993 3403 Lacones
1023 3351 1109 3404 Litera
1137 3365 1162 3405 et
1178 3354 1243 3406 irate

213 3424 351 3474 trocinatur
367 3423 403 3474 illi
420 3425 510 3474 rationi
528 3441 606 3476 canon
629 3424 704 3476 Grae-
753 3421 806 3490 regi
813 3422 929 3490 placuere
939 3429 1063 3489 negantes,
1073 3441 1147 3489 quem
1159 3423 1243 3478 locum

165 3532 169 3539 .
214 3509 300 3544 corum
312 3494 343 3544 de
354 3495 421 3544 tenui
434 3487 506 3545 litera
518 3508 625 3554 tenuem,
638 3505 661 3544 et
674 3492 704 3544 src
754 3492 862 3542 Ausonii
874 3490 952 3557 Epist.
967 3509 1010 3554 25,
1025 3493 1067 3555 36.
1081 3493 1125 3560 qui
1134 3493 1241 3563 explica-

152 3595 159 3604 ·
214 3579 296 3642 porro,
309 3575 364 3613 ante
383 3563 405 3614 se
425 3564 576 3633 postulante,
595 3563 653 3612 item
673 3581 704 3613 ue
754 3573 811 3611 runt
830 3561 879 3612 viri
896 3559 972 3621 docti,
985 3561 1149 3632 Qtnttittani
1163 3564 1241 3616 ctiam

213 3631 286 3693 illud,
298 3632 365 3700 quod
385 3651 415 3684 ex
429 3633 520 3702 scribo,
524 3631 633 3702 scriptus
652 3581 703 3682 lirr-
753 3628 805 3682 haec
826 3632 900 3682 verba
919 3641 1030 3699 poterant
1049 3629 1192 3693 adscribere,
1217 3646 1242 3684 et

213 3713 317 3766 matur,
341 3701 384 3753 nisi
405 3704 548 3772 Scioppium
571 3703 658 3753 audias
679 3713 704 3752 et
753 3700 810 3751 inde
821 3699 947 3750 illustrare.
964 3699 1023 3750 Vid.
1034 3699 1106 3751 Toll.
1120 3719 1146 3769 p.
1160 3705 1222 3768 694.

204 3770 325 3840 scribtum
336 3771 408 3822 scribi
422 3771 492 3822 velis.
791 3788 831 3820 12.
847 3786 880 3819 ex
900 3767 1008 3820 cebenna
1026 3769 1143 3838 nstrata]
1163 3772 1242 3824 Talia

201 3897 204 3906 Δ
251 3859 293 3892 10.
312 3839 504 3911 quaestgnificat]
518 3841 579 3893 Vid.
594 3839 625 3891 ad
640 3857 702 3902 1,4,
753 3837 808 3890 sunt
822 3840 953 3906 (Grutp.
968 3853 1093 3890 cccclv.
1111 3843 1242 3907 r.),t³15c-

233 3946 240 3960 .
592 3963 596 3974 ,
754 3923 890 3968 Nnnoou,
906 3922 1015 3969 Manto,
1030 3923 1242 3976 nectaream,

252 3997 293 4029 ro.
312 3978 368 4030 vim
378 3979 587 4050 suamperserat]
607 3979 702 4032 Eodem
752 3993 856 4030 aaron
874 3991 982 4038 nuato,
997 3993 1140 4031 nnvnttu
1158 3995 1242 4032 ruffi-

121 4097 127 4108 ,
213 4045 292 4114 igitur
309 4050 383 4100 modo
401 4050 647 4116 pronunciabatCin
661 4051 702 4100 Ce·
752 4063 824 4098 nau.
855 4047 1194 4115 DcOrthographiaDnellii
1210 4067 1242 4102 an

212 4115 317 4184 thega‘et
330 4117 443 4170 Cicerone
463 4137 516 4197 qno
533 4121 558 4168 in
576 4119 667 4172 Catone
678 4130 702 4170 et
751 4115 839 4168 Duillii
848 4115 864 4167 Ρ
885 4115 937 4168 vid.
949 4117 981 4167 ad
996 4135 1020 4176 r,
1032 4133 1059 4180 4,
1075 4136 1116 4180 ¹4·

212 4185 322 4238 Cornelio
334 4201 408 4254 atque
420 4190 532 4240 Curione.
789 4204 831 4250 ¹3·
842 4188 924 4256 supra
934 4185 1002 4251 dixi]
1024 4206 1048 4246 1,
1059 4203 1086 4250 4,
1101 4204 1143 4254 ¹3·
1157 4187 1193 4259 sq.

249 4274 293 4308 11.
307 4255 618 4328 propulsabit-exprimit]
637 4256 664 4309 h.
678 4274 700 4309 e.
773 4291 777 4300 ·
1126 4301 1127 4312 r

806 4343 865 4407 Ε4
