3022 4920
266 343 311 434 ᾧ
501 348 549 410 Μ.
569 347 696 410 auen
716 347 1071 412 QUINCTILIANI·

547 449 566 490 χ
963 459 965 466 ,

263 509 377 598 ginon
390 507 508 592 dicere,
520 527 560 581 ut
573 512 673 578 cecidi.
717 511 781 578 Sed
803 511 1044 578 meminerimus
1065 533 1131 576 non
1155 527 1355 598 peram-12

268 595 322 660 nia
344 595 421 662 duci
446 596 598 684 analogia
611 597 695 684 posse
718 598 888 678 rationem,
903 621 978 662 cum
997 597 1053 662 fibi
1073 596 1138 684 ipsa
1151 595 1297 682 plurimis

266 677 302 744 in
318 681 399 750 locis
412 696 583 770 repugnet.
620 683 778 746 Quaedam
794 682 857 746 fine
878 681 979 746 dubio
1002 693 1157 746 conantur
1178 682 1297 760 eruditi

266 763 450 846 defendere,
465 781 504 844 ut
519 789 593 832 cum
616 765 846 852 deprehensum
860 768 903 832 est
913 779 939 846 Ρ,
959 765 1039 853 lepus
1054 779 1088 830 et
1102 765 1188 852 lupus
1203 767 1296 832 simili

266 849 432 934 pofitione,
456 866 612 938 quantum
636 852 757 916 cafibus
784 851 988 938 numerisque
1014 851 1193 916 dissentiant
1204 876 1215 930 3
1250 851 1296 916 ita

262 933 465 1018 respondent,
481 959 545 1000 non
561 936 621 1000 esse
634 937 731 1022 paria,
747 937 825 1022 quia
845 936 926 1023 lepus
940 935 1120 1022 epicoenum
1144 936 1190 1014 srt,
1207 936 1295 1034 lupus

265 1019 499 1084 masculinum:
531 1043 725 1106 quamquam
750 1022 852 1084 Varro
875 1021 911 1084 in
934 1042 973 1084 eo
996 1021 1090 1100 libro,
1113 1044 1178 1106 quo
1203 1021 1316 1086 imtia¹

266 1102 354 1168 urbis
370 1107 481 1169 Romae
501 1118 635 1184 enarrat,
651 1104 905 1192 lupumfcminam
919 1105 1009 1185 dicit,
1024 1105 1166 1170 Ennium
1184 1106 1290 1170 pitto-

263 1208 396 1276 remque
412 1191 545 1256 Fabium
560 1191 698 1254 secutus.
743 1190 795 1254 llli
816 1204 924 1254 autem
939 1189 1050 1268 iidem,
1065 1213 1139 1254 cum
1155 1191 1289 1256 interro·
1306 1203 1345 1271 13

261 1288 381 1357 gantur
390 1287 416 1354 t,
432 1299 489 1340 cur
502 1291 574 1363 aper
587 1274 666 1360 apri,
682 1286 715 1338 et
733 1287 822 1362 pater
843 1273 942 1360 patris
955 1273 1090 1340 faeiat'?
1124 1275 1208 1338 illud
1230 1298 1289 1340 no-

261 1379 337 1420 rnen
353 1359 534 1444 sempliciter
548 1359 696 1447 positum,
711 1359 773 1424 hoc
788 1358 827 1422 ad
851 1357 973 1446 aliquid
997 1359 1056 1424 esse
1078 1359 1289 1438 contendunt.

262 1441 417 1508 Praeterea
428 1445 579 1530 quoniam
592 1457 763 1529 utrumque
778 1466 797 1507 a
813 1444 929 1508 Graeco
952 1443 1085 1510 dunum
1101 1445 1148 1522 srt,
1164 1444 1203 1508 ad
1218 1467 1290 1510 eam

259 1527 418 1592 rationem
441 1543 620 1610 recurrunt,
635 1543 673 1592 ut
694 1527 803 1610 πατρὸς
824 1526 933 1616 patris,
954 1527 1045 1612 adrepe
1069 1529 1154 1614 apri¹
1179 1529 1287 1596 saciat.

261 1609 323 1676 Illa
337 1625 442 1678 tamen
459 1613 623 1700 quomodo
637 1611 804 1698 effugient,
819 1627 857 1676 ut
876 1611 1016 1688 nomina,
1031 1613 1177 1710 quamvis
1191 1613 1286 1678 se'mi‘-
1302 1627 1345 1690 14

257 1695 350 1776 nina,
374 1698 752 1784 fingulari'nomirrativo,
774 1720 806 1777 u,
821 1722 848 1775 s,
874 1697 974 1760 literis
996 1695 1095 1776 finita,
1112 1721 1288 1784 numquam

257 1783 402 1866 genitivo
428 1783 499 1848 casu
513 1785 546 1848 in
572 1784 616 1846 ris
629 1781 780 1870 syllabam
803 1783 1015 1845 terminantur
1026 1804 1037 1859 3
1060 1781 1156 1846 faciat
1178 1797 1286 1851 tamen

263 1869 358 1932 Venus
376 1869 523 1932 Veneris?
545 1870 628 1932 Item
643 1889 717 1931 cum
732 1890 759 1944 e,
775 1891 801 1946 s,
814 1865 914 1930 literis
928 1866 1028 1946 finita,
1043 1889 1099 1963 per
1113 1868 1215 1933 varios
1229 1891 1286 1934 ex·

258 1965 333 2016 eant
346 1953 518 2040 genitivos,
533 1974 709 2038 numquam
724 1962 830 2016 tamen
845 1951 957 2016 eadem
972 1951 1005 2012 in
1023 1976 1066 2015 res
1084 1951 1204 2039 syllaba
1218 1966 1284 2018 ter-

256 2036 419 2118 minatos;
445 2039 530 2102 Ceres
544 2052 639 2125 cogat
652 2035 715 2099 dici
734 2036 846 2100 Cereris
858 2039 878 2101 ἒ
899 2035 988 2102 Quid
1003 2039 1100 2101 vero?
1129 2061 1202 2125 quae
1216 2051 1285 2103 tota
1299 2048 1339 2118 15

300 2121 419 2186 srtionis
433 2121 586 2210 ejusdem,
603 2122 636 2186 in
651 2121 788 2184 diversos
802 2123 902 2186 flexus
925 2123 1066 2186 exeunt?
1101 2145 1176 2186 eum
1202 2124 1285 2188 Alba

255 2143 353 2276 ficiat
365 2208 501 2270 Albanos
516 2219 549 2272 et
563 2205 719 2292 Albecffcs,
740 2205 807 2270 Volo
820 2206 904 2271 volui
917 2218 951 2270 et
963 2205 1079 2270 volavi.
1099 2209 1186 2272 Nam
1223 2231 1283 2273 rae-

254 2291 353 2356 terito
366 2291 496 2378 quidem
513 2304 657 2390 tempore
672 2289 757 2354 varie
769 2289 897 2356 sormari
913 2291 1008 2356 verba
1025 2293 1127 2378 prima
1181 2230 1222 2356 ri)

252 2373 346 2440 litera
360 2400 376 2440 o
388 2376 566 2456 terminata,
579 2376 644 2462 rpsa
656 2374 804 2462 analogia
818 2376 999 2440 confitetur.
1044 2315 1209 2463 Siquiiim
1234 2378 1281 2442 fa·
1321 2439 1326 2447 .

253 2459 300 2526 cit
313 2464 385 2528 caco
399 2447 499 2545 cetra,
509 2463 638 2548 sponda
647 2461 806 2547 popone,
817 2462 909 2548 pingo
925 2460 1023 2546 pinxi,
1039 2461 1103 2547 ago
1125 2461 1196 2549 agi,
1208 2479 1281 2550 ponc

248 2545 345 2632 Μαί,
359 2547 479 2633 frango
491 2547 593 2633 fregi,
609 2543 698 2610 laudo
721 2545 861 2628 laudavi.
905 2547 984 2610 Non
1007 2542 1335 2635 enin1,cumpri-16

252 2653 344 2693 mum
359 2629 554 2718 fingerentur
568 2629 726 2709 homines,
742 2631 885 2718 analogia
899 2629 1026 2694 demissa
1040 2631 1122 2694 coelo
1145 2631 1279 2698 sormam

251 2711 403 2800 loquendi
419 2715 526 2780 dedit:
549 2713 602 2778 sed
616 2714 744 2778 inventa
759 2716 812 2793 est,
827 2715 989 2801 postquam
1005 2714 1230 2814 loquebantur,
1246 2732 1280 2784 et

250 2813 399 2868 notatum
425 2801 458 2864 in
483 2801 639 2878 sermone,
653 2799 733 2884 quid
758 2809 845 2887 quo‘
870 2796 969 2864 modo
989 2798 1135 2864 caderet:
1170 2801 1279 2890 itaque

251 2905 318 2948 non
332 2885 478 2950 ratione²¹
495 2885 619 2963 nititur,
634 2884 685 2948 sed
700 2883 869 2971 exemplo;
896 2901 956 2948 nec
969 2883 1021 2948 lex
1046 2885 1090 2948 est
1111 2885 1123 2948 l
1167 2889 1276 2967 uendi,
1316 2922 1326 2962 ς

174 3047 177 3052 ¹
248 2963 304 3034 sed
326 2969 511 3050 observatio,
528 2986 565 3034 ut
589 2970 685 3056 ipsam
711 2969 884 3056 analogiam
906 2968 995 3032 nulla
1007 2989 1057 3032 ree
1071 2968 1132 3033 alia
1166 2973 1276 3052 ecerit,

275 3076 347 3116 uam
363 3053 567 3120 consuetudo,
613 3054 774 3118 Inhaerent
787 3067 895 3118 tamen
906 3051 1046 3138 ⁴quidam
1068 3055 1277 3122 molestiffima
1291 3070 1330 3138 17

248 3075 425 3286 iil‘ipentiae
450 3137 658 3226 perversitate,
676 3152 712 3202 ut
736 3137 889 3202 audcccitcr
910 3138 1017 3222 potius
1041 3137 1162 3218 dicant,
1178 3164 1275 3238 quam

248 3247 289 3285 acc

247 3308 306 3386 vic,
324 3331 387 3372 non
403 3308 530 3386 emicuit,
545 3320 579 3371 et
593 3307 696 3384 conire,
713 3327 777 3370 non
793 3307 893 3371 coire„
959 3307 986 3370 is
1007 3308 1226 3392 permittamus
1241 3324 1275 3381 et

246 3393 404 3478 audiviffc,
417 3408 451 3458 et
460 3391 593 3479 sciviffc,
610 3406 643 3455 et
666 3391 826 3470 tribunale,
841 3405 874 3455 et
886 3390 1039 3476 faciliter,
1055 3391 1180 3460 dicere:
1190 3396 1293 3482 sm

1208 2316 1281 2374 ona,

205 3525 206 3528 Ἴ
280 3547 339 3592 tsrt
355 3547 384 3594 G.
451 3547 678 3608 t·interrogarentur
698 3547 729 3594 G.
744 3547 1033 3608 interrogabantut'lens.
1109 3549 1273 3610 fiacensi,

246 3614 322 3670 ‘apri
336 3609 493 3676 cumpluribus
505 3611 572 3657 etiam
583 3612 613 3659 G.
624 3621 646 3657 et
655 3612 719 3660 Jens.
729 3611 793 3674 capri
805 3611 837 3660 al.
902 3621 1024 3678 ‘quoque
1036 3614 1066 3661 G.
1074 3613 1138 3662 Jens.
1188 3621 1200 3645 u
1219 3627 1274 3662 mo·

137 3747 138 3755 ἵ
246 3675 279 3722 do
289 3676 329 3739 ins.
341 3677 373 3724 G.

284 3791 323 3836 17.
343 3771 473 3841 audivsse,
479 3769 731 3842 stifft-frugalis]
781 3771 862 3836 poluit
873 3772 960 3833 noster,
972 3773 1038 3841 quod
1050 3773 1081 3824 de
1098 3773 1228 3843 praeteritis
1240 3773 1271 3826 il-

162 3869 164 3876 ·
244 3841 349 3893 Rariora
367 3845 451 3912 itaque
462 3843 515 3893 haec
533 3853 596 3892 certe
613 3841 686 3892 Fabii
698 3859 731 3892 ce·
783 3840 813 3892 lis
825 3841 882 3893 Cic.
896 3845 968 3892 Orat.
981 3860 1026 3906 47.
1039 3861 1079 3912 pr.
1100 3843 1171 3913 Qid
1176 3839 1193 3893 ?
1210 3845 1274 3912 quod
1369 3861 1373 3868 ·

183 3937 184 3941 =
245 3929 278 3963 vo
294 3909 402 3973 suenrnt,
421 3921 450 3961 ut
470 3909 555 3980 sugere
574 3911 654 3960 virum
674 3910 732 3961 dili·
773 3908 810 3976 fic
830 3907 902 3979 loqui,
922 3907 994 3972 nosse,
1012 3911 1139 3978 judicasse,
1156 3920 1248 3963 vetant
1261 3912 1276 3965 ι’

243 3994 341 4050 gentem
360 3981 494 4048 potuerint,
511 3996 670 4048 quamquam,
688 3977 732 4030 nisi
781 3977 921 4046 quadem
932 3980 1073 4050 nesciamus,
1085 3981 1111 4032 in
1122 3980 1164 4032 hcc
1180 3996 1271 4048 genere

244 4051 320 4101 nimis
342 4050 455 4117 corrupti
477 4049 532 4100 sunt
561 4047 618 4099 libri
647 4048 730 4106 nostri,
780 4056 805 4096 et
812 4047 912 4114 plenum
921 4049 1027 4100 verbum
1038 4053 1102 4104 redii
1118 4049 1176 4113 diri,
1187 4059 1212 4102 et
1222 4048 1269 4102 irn-

244 4119 328 4188 passrm
341 4136 368 4169 ea
379 4119 480 4170 exstant.
503 4119 577 4171 Forte
589 4131 679 4176 tamen,
693 4117 731 4182 (et
780 4115 898 4170 minutum
908 4116 1003 4184 usitate.

244 4190 308 4240 vidit
330 4187 378 4240 tale
393 4188 458 4256 quid
487 4187 636 4252 Turnebus)
664 4186 729 4237 idem

311 3233 401 3303 celer,
417 3223 496 3288 licet
509 3245 621 3286 omnes
636 3235 774 3286 oratores
789 3221 877 3286 aliud
890 3219 1058 3370 sep-piantur
1067 3249 1077 3302 ;
1112 3237 1144 3288 et
1167 3250 1275 3301 emeca*
1378 3287 1381 3293 ,
