2938 4910
311 312 315 319 ’
406 341 575 406 rusam.
601 341 799 404 carrea.
825 343 910 402 tra.
931 343 984 402 vr.
1008 357 1036 400 2.
1167 320 1249 418 353'

228 508 336 574 uidam
351 507 538 596 peritorum,
552 507 643 578 adeor
658 503 833 594 temporale
844 506 916 570 esse.
960 499 1058 570 Quod
1078 511 1116 566 ut
1138 499 1223 567 acci-

204 530 280 660 dere
293 593 491 680 frequentius
504 593 616 672 fateor,
631 591 676 656 ita
690 591 858 657 nonnullas
877 587 971 656 credo
984 587 1043 654 esse
1064 587 1223 684 materias,

205 701 279 764 quae
294 679 482 744 continuum
497 678 672 743 desiderent
692 677 852 740 asscitum.
893 675 967 740 Nec
988 686 1094 738 tamen
1118 694 1225 735 nimus

205 763 280 828 artis
295 779 350 827 aut
365 765 437 828 usus
452 763 487 828 hi
506 762 663 827 lenioresp
687 761 818 840 habent,
835 759 948 825 virium
971 771 1066 844 atque
1087 757 1227 842 impetus

207 869 270 911 non
286 849 484 914 tantumdem
498 849 645 936 exigunt.
690 847 728 910 In
749 846 858 910 cauffis
877 858 950 908 v'ero
964 843 1060 908 etiam
1082 841 1229 928 pluribus'

206 934 377 1013 versantur,
394 934 471 1013 imo,
487 933 659 997 secundum
698 931 847 996 uemdam
861 928 1061 994 intellectum
1076 926 1108 990 in
1124 926 1228 992 omni·

155 1034 191 1079 11
207 1017 280 1082 bus.
323 1019 424 1097 Nam,
440 1041 514 1084 cum
530 1018 606 1080 nistq
621 1039 660 1080 ex
674 953 732 1080 illo
746 1029 781 1080 et
794 1013 942 1081 hocloco
956 1012 1037 1078 nihil
1050 1013 1090 1078 ab
1105 1025 1229 1079 oratore

112 1145 114 1154 r
207 1103 359 1168 tractetur
367 1127 377 1182 3
400 1103 557 1189 quidquid
571 1102 612 1165 de
626 1099 755 1186 honestis,
771 1113 799 1162 et
813 1099 947 1177 utilibus,
962 1097 1100 1184 denique
1103 1097 1227 1182 facien·

207 1187 254 1250 dis
270 1199 298 1249 et
311 1212 368 1252 non
372 1187 526 1272 faciendis
542 1185 659 1250 dicitur
669 1199 691 1264 ¹,
707 1187 792 1250 buc⁸
813 1183 918 1251 vocari
932 1185 1042 1270 potest.
1087 1182 1230 1247 Quidam

207 1272 477 1354 commendationem
501 1286 533 1336 at
556 1293 597 1335 ue
623 1272 833 1358 exczrjbtionem
858 1267 986 1361 propria
1010 1266 1104 1354 hujus
1121 1265 1229 1344 ,officii

208 1368 421 1444 putaverunt:
445 1379 504 1422 nec
529 1380 547 1420 a
572 1364 651 1419 nuo¹
676 1356 736 1420 esse
758 1356 814 1420 ista
838 1355 870 1419 in
893 1354 952 1418 hac
967 1366 1073 1438 parte3
1096 1352 1229 1416 sednon

157 1440 364 1518 laconcedO,
388 1453 427 1504 ut
450 1441 515 1506 sola
540 1442 609 1505 smt.
653 1440 743 1505 Quin
766 1439 847 1504 illud
870 1438 976 1502 adhuc
998 1433 1123 1524 adjicio,
1138 1437 1230 1508 πάθος

154 1541 155 1544 ’
210 1539 306 1612 atque
319 1522 386 1604 ἦθος
401 1523 461 1590 esse
477 1527 602 1590 interim
618 1547 657 1588 ex
678 1525 788 1590 eadem
807 1536 930 1602 natura,
943 1522 987 1586 ita
1008 1537 1045 1588 ut
1064 1520 1143 1586 illud
1161 1541 1231 1586 ma·

101 1639 109 1656 ·
167 1609 171 1618 '
204 1609 322 1696 jussit,
339 1609 403 1676 hoc
416 1611 533 1690 minus,
549 1623 586 1674 ut
607 1633 689 1673 amar
706 1609 810 1689 πάθος,
825 1610 935 1682 caritas
957 1605 1043 1688 ἧθοςε
1072 1605 1233 1670 interdum

211 1694 329 1759 diversa
343 1694 427 1760 inter
441 1696 483 1774 sc,
499 1696 576 1760 sicut
591 1694 623 1758 in
642 1695 802 1781 epilogis3
826 1715 963 1778 namque
984 1691 1073 1762 woibor
1097 1693 1233 1772 concitat,

210 1775 278 1858 ἦθος
293 1779 373 1844 solet
386 1779 535 1866 mitigare.
580 1779 708 1865 Propria
720 1793 827 1844 tamen
842 1779 921 1852 mihi
938 1777 1006 1842 vis*
1022 1777 1160 1840 nominis
1175 1789 1207 1840 et
1218 1789 1232 1818 ⁸

212 1864 420 1950 exprimenda
441 1878 553 1928 natura
578 1867 631 1943 est,
654 1875 811 1950 quatenus
835 1862 1044 1950 appellatione
1071 1861 1135 1948 ipsa
1168 1885 1233 1926 uon

162 1965 199 2032 13
215 1947 305 2012 satis²
321 1948 507 2047 fignificari³
522 1949 658 2013 videtur.
676 1945 776 2028 Ἧθος,
792 1949 878 2035 quod
893 1945 994 2011 intelli
1020 1946 1115 2026 imno,
1130 1946 1235 2034 quod-

237 2055 276 2096 ue
291 2056 310 2096 a
323 2033 527 2098 dicentibusb
549 2033 769 2113 desideramus,
784 2033 818 2098 id
839 2033 910 2112 erit,
925 1969 1018 2130 quod
1034 2046 1108 2095 ante
1128 2031 1235 2096 omnia

213 2056 342 2182 ienitate
365 2119 662 2183 commendabitur:
686 2140 750 2180 non
775 2118 874 2182 solum
898 2133 976 2182 mite
1002 2139 1038 2180 ac
1061 2116 1235 2202 placidum,

213 2201 265 2268 sed
280 2202 466 2288 plerumque
490 2203 645 2276 blandum
661 2216 694 2267 et
711 2203 901 2282 humanum,
917 2215 950 2267 et
974 2202 1180 2268 audientibus
1199 2225 1235 2266 a·
1339 2213 1342 2218 '

214 2287 332 2352 mabile
353 2302 450 2375 atque
466 2285 669 2372 jucundum:
693 2288 725 2351 in
741 2311 805 2373 quo
819 2287 1025 2374 exprimendo
1037 2287 1160 2352 summa
1173 2287 1237 2352 vir·

215 2387 268 2436 tus
283 2395 320 2435 ea
334 2375 387 2451 est,
404 2387 441 2436 ut
454 2375 550 2436 fluere
565 2374 674 2437 omnia
688 2395 727 2436 ex
747 2385 858 2438 natura
879 2395 982 2436 rerum
1005 2372 1238 2458 hominumque

216 2455 394 2534 videantur,
432 2480 473 2520 uo
498 2480 602 2522 mores
622 2457 758 2521 dicentis
780 2481 819 2522 ex
840 2457 981 2521 oratione
1000 2457 1191 2543 pelluceant,
1206 2469 1240 2522 et

165 2560 205 2622 14
217 2480 452 2624 quodammodo
480 2543 699 2627 agnoscantur.
744 2542 843 2606 Quod
870 2543 922 2606 est'
941 2543 1003 2605 sme
1030 2541 1129 2606 dubio
1157 2541 1241 2606 inter

217 2625 403 2712 conjunctas
424 2627 562 2689 maxime
583 2614 738 2712 pessmus,
762 2626 888 2712 quoties
904 2626 1091 2714 perferimus,
1113 2626 1239 2714 ignisti-

217 2733 292 2790 mus,
304 2709 542 2796 satisfacimus,
558 2735 713 2790 monemus,
736 2711 837 2798 procul
856 2711 894 2774 ab
916 2711 974 2789 ira,
989 2710 1092 2796 procul
1110 2713 1149 2774 ab
1164 2713 1239 2778 odio.

180 2835 185 2842 -
219 2793 283 2858 Sed
296 2807 403 2858 tamen
418 2795 481 2858 alia
493 2796 588 2881 patris
603 2795 747 2859 adversus
762 2793 876 2874 filium,
891 2796 1006 2859 tutoris
1023 2795 1167 2860 adversus
1180 2819 1240 2882 pu·

218 2879 344 2964 pillum,
360 2880 465 2944 mariti
487 2879 630 2945 adversus
655 2901 786 2945 uxorem
810 2879 985 2944 moderatio
1006 2881 1069 2944 est:
1096 2880 1131 2949 hi
1152 2883 1241 2946 enim

218 2985 282 3050 prae
296 2963 348 3028 sec
364 2962 469 3028 serunt
483 2985 594 3028 eorum
614 2965 623 3026 i
647 2966 763 3044 sorum,
779 2965 927 3052 aquibus
948 2963 1142 3046 laedunturd,
1158 2967 1240 3031 cari·
1346 2985 1353 2996 ‘

218 3061 317 3113 tatem
331 3071 340 3127 3
365 3071 468 3134 neque
483 3050 547 3112 alio
567 2986 665 3113 molo
679 3049 794 3114 invisos
808 3071 871 3114 ece
884 3047 1018 3127 faciunt,
1033 3069 1131 3136 quam
1152 3049 1242 3138 quod

218 3156 324 3198 amare
348 3133 401 3220 ipst
429 3131 597 3212 videntur3
628 3133 699 3214 alia,
721 3157 795 3198 cum
816 3134 910 3200 senex
933 3133 1150 3216 adolescentis,
1166 3135 1239 3220 alia,

79 3261 95 3293 =.
219 3241 293 3283 curn
309 3217 511 3283 conviciume
536 3217 684 3284 honestus
701 3217 858 3283 inferioris
882 3219 963 3282 sert:
987 3219 1040 3284 hic
1061 3220 1146 3284 enim
1168 3235 1241 3286 tan·

163 3318 205 3390 15
219 3315 289 3368 tum
310 3304 473 3383 concitari,
489 3303 554 3370 illic
579 3303 676 3368 etiam
701 3303 783 3370 affici
808 3304 914 3370 debet.
959 3305 1041 3370 Sunt
1062 3317 1096 3370 et
1120 3305 1176 3374 illa
1197 3327 1238 3374 ex

251 3521 449 3572 »levioressent
513 3533 583 3572 tom.
596 3524 628 3570 id.
691 3523 813 3572 rdiscitur
823 3523 855 3572 id.
919 3525 993 3573 'hoc
1004 3525 1035 3574 G.
1046 3525 1109 3574 Jens.
1184 3527 1241 3576 tab

218 3586 321 3634 unciid.
386 3587 570 3646 ”hujusne
628 3579 767 3646 Hasd„
806 3597 819 3624 2
836 3587 896 3636 mihi
907 3586 948 3651 ins.
960 3590 991 3639 G.
1082 3589 1242 3654 ⁸siguificare

219 3650 251 3698 G.
262 3651 326 3698 lens.
389 3651 458 3700 bSr'c
466 3652 518 3713 jam
528 3651 645 3713 conjecerat
658 3653 712 3700 obr.
723 3652 873 3712 docentibus,
879 3662 943 3716 puto,
954 3671 1054 3706 omnes„
1096 3657 1241 3710 ‘vadense

219 3715 230 3744 ⁸
249 3715 361 3762 laedimur
371 3715 403 3763 id.
467 3723 478 3747 ⁶
497 3717 584 3768 vitium
595 3717 626 3764 G.
637 3717 700 3764 lens.

257 3927 300 3962 11.
318 3907 363 4030 trip
376 3925 409 3961 ex
425 3907 464 3961 illo
480 3917 505 3960 et
515 3907 557 3960 huc
567 3907 628 3975 Ioco]
648 3909 706 3962 Aut
754 3909 983 3980 benevolus,videri
995 3910 1067 3964 debet
1079 3923 1171 3966 orator.
1185 3911 1239 3968 Ob.

219 3980 297 4034 naeu
308 3979 338 4028 ad
357 3978 407 4030 ibet
418 3991 509 4039 orator,
522 3989 566 4030 aut
577 3976 637 4034 iliu.
653 3979 707 4034 Ubi
756 3979 908 4040 servandum,
919 3977 964 4032 buc
974 3981 1073 4043 vocari,
1085 3993 1109 4034 et
1120 3981 1191 4052 hujus
1202 3986 1240 4053 os-

219 4044 281 4097 illud
301 4045 383 4098 locum
402 4065 451 4100 non
470 4047 555 4106 habet,
575 4046 622 4098 hcc
641 4059 707 4100 certe
747 4046 813 4116 ficii,
825 4060 849 4100 et
865 4047 891 4100 in
902 4048 948 4100 hac
960 4056 1045 4116 parte,
1057 4051 1088 4104 ad
1104 4051 1181 4108 lenius
1193 4073 1240 4122 ge.

155 4127 158 4132 ·
218 4105 637 4186 fusumadmixtumquetssedebet:
650 4117 707 4168 nus·
755 4133 800 4168 nus
818 4115 864 4169 srve
883 4117 934 4171 ibor
956 4115 1055 4173 referri:
1084 4123 1243 4180 conconatur

218 4201 294 4251 quam
305 4186 371 4235 enim
383 4203 431 4238 non
442 4187 579 4248 virbonus,
589 4186 706 4258 prudens,
755 4185 808 4240 haec
821 4185 906 4266 relatio
918 4185 948 4252 ad
960 4185 979 4242 s.
991 4205 1033 4252 17.

261 4286 349 4336 ΥΟΕ.
368 4289 396 4338 1.
717 4289 724 4302 ⁹
767 4289 825 4334 Aa
