3024 4912
257 351 320 416 ‚244
520 337 564 400 M.
586 337 710 400 FABII
731 335 1075 402 QUINCTILIANI

262 500 309 564 rei
337 496 488 588 expolitio
524 500 578 580 est,
611 501 651 566 Ut
678 501 781 580 cubos,
809 514 924 568 tantem
960 502 1059 580 dabir,
1088 511 1123 568 et
1157 499 1287 588 reliqua.

256 584 379 652 Quid?
426 605 461 648 ro
484 583 646 668 Cluentio,
662 586 782 654 Staleni
803 587 965 675 Bulbique
986 585 1183 674 colloquium
1205 607 1346 660 non-107
1387 607 1390 612 ·

262 693 304 735 ne
319 670 359 734 ad
373 605 565 734 celeritatem
581 669 752 758 plurimum
768 683 801 738 et
815 673 856 738 ad
870 671 964 738 fidem
980 672 1124 738 confert?
1150 671 1233 738 Quae
1248 679 1304 734 ne·

263 753 368 820 fecisse
383 755 469 819 sinel
489 755 686 821 observantia
699 755 834 844 quadam
850 755 1002 836 videatur,
1018 778 1210 844 quamquam
1225 755 1289 820 hoc

263 840 296 904 in
312 839 368 928 illo
383 837 533 904 credibile
548 863 611 906 non
626 841 680 922 est,
696 841 728 906 in
751 841 977 908 Partitionibus
998 841 1154 928 praecipit,
1170 853 1208 906 ut
1228 839 1287 904 ha-

263 925 339 990 beat
353 925 488 990 narratio
497 926 694 1074 suavitatem,
711 927 981 1008 admirationeque
1013 927 1179 1004 coarianos,
1195 924 1289 988 exitus

262 1009 437 1158 inofinotos,
452 1009 497 1074 col
509 1011 595 1098 oquin
613 1012 814 1100 personarum,
829 1037 958 1098 omnesq
984 1021 1072 1080 emes.
1114 1011 1286 1098 Argum·
1301 1022 1343 1072 rot

264 1107 296 1159 ta
318 1096 394 1158 imur
408 1094 460 1158 in²
476 1095 665 1176 narratione,
680 1110 717 1161 ut
731 1096 810 1176 dixi,
824 1119 1018 1184 numquam:
1042 1118 1076 1162 ar
1101 1094 1288 1162 nmentunr‘

262 1201 419 1266 ponemus
442 1179 623 1268 aliquando,
639 1179 727 1267 quod
747 1179 824 1246 feeit
843 1203 900 1268 pro
921 1181 960 1248 Li
985 1182 1050 1246 ario
1072 1120 1197 1259 dicero,
1213 1202 1287 1246 cum

261 1265 353 1344 dicit,
370 1265 411 1328 iic
425 1287 499 1330 eum
516 1265 685 1352 provinciae
699 1265 866 1353 praefuisse,
879 1279 917 1334 ut
929 1205 984 1335 illi
991 1289 1101 1354 pacem
1116 1265 1175 1330 effe
1190 1287 1288 1352 expe·

263 1349 357 1414 diret.
403 1351 579 1416 inseremus
593 1350 777 1438 expositioni
796 1365 830 1416 et
843 1352 985 1428 brevem,
1000 1375 1075 1416 curn
1097 1373 1147 1416 ree
1168 1351 1286 1438 poscet,

259 1434 487 1516 defensionem,
510 1449 544 1502 et
565 1436 719 1502 rationem
741 1435 909 1502 saeorum.
953 1437 1026 1504 Neo
1048 1437 1135 1508 enim
1157 1457 1286 1502 narran·
1300 1457 1345 1506 roe

262 1519 342 1586 dum
358 1521 400 1584 est
414 1533 576 1670 tamquam
591 1522 671 1602 testi,
687 1520 739 1588 sed
758 1533 919 1608 tamquam
939 1535 1085 1608 patrono.
1128 1519 1188 1586 Rei
1208 1519 1289 1584 ordo

251 1623 316 1691 per
328 1607 358 1670 se
373 1605 445 1670 talis
459 1628 479 1670 e
504 1652 514 1684 ,
530 1608 569 1692 Q.
585 1607 626 1672 Li
649 1607 729 1672 artior
744 1605 859 1694 legatur
874 1607 906 1672 in
919 1607 1057 1696 Africam
1073 1630 1137 1670 cum
1153 1607 1189 1670 C.
1209 1607 1286 1670 Co'n-

249 1689 332 1790 ſjdio
343 1700 358 1789 ξ
371 1691 516 1840 prppria]
531 1691 580 1778 eli.
661 1691 715 1756 uid
730 1713 808 1778 ergo
822 1693 952 1758 Marcus
966 1691 1128 1790 Tulliupi⁸
1146 1691 1183 1759 0.
1199 1689 1287 1768 enim,

166 1811 169 1818 ·
251 1788 395 1862 ¹lnquit,
425 1799 553 1863 agareus,
568 1802 632 1841 cum
647 1776 920 1863 effltodhernulla
934 1775 1004 1844 belle
1016 1778 1156 1926 seqpeceo,
1171 1775 1289 1860 legatus

262 1861 296 1924 in
307 1861 449 1947 Africam
472 1886 535 1926 erem
553 1862 589 1927 C.
606 1861 894 2010 Cqssdioprq‘etius
908 1858 957 1948 est.
1000 1861 1055 1932 Ali
1080 1861 1101 1941 i,
1117 1861 1186 1924 Non
1207 1861 1342 1926 modone

261 1946 379 2010 nullum
399 1947 443 2010 od
467 1947 637 2034 bellum,fe
679 1973 715 2012 ne
737 1949 780 2010 ad
792 1947 942 2012 minimam
966 1947 1083 2035 quidem
1119 1943 1290 2034 uspicimam

264 2031 346 2096 belli.
392 2033 520 2096 Etcum
537 2033 612 2096 esset
628 2032 809 2098 indicaturo
830 2032 915 2110 satis,
933 2033 973 2118 Q.
996 2031 1140 2118 Ligorros
1161 2030 1242 2094 nullo
1253 2031 1289 2118 se

262 2115 409 2204 implicari
431 2115 544 2202 negotio
563 2117 664 2204 paffies
687 2117 735 2202 est,
751 2116 878 2203 adjecit,
894 2118 1021 2185 Dareum
1033 2117 1183 2204 spinam,
1198 2127 1226 2178 et
1247 2115 1293 2178 ad

253 2203 326 2289 suos
342 2201 437 2264 redire
451 2202 577 2289 cupiens.
623 2205 681 2284 Ite,
696 2201 784 2288 quod
804 2223 843 2266 ex
888 2204 984 2270 nebat
1011 2214 1045 2266 et
1067 2200 1189 2270 ratione
1212 2198 1290 2266 seoit

264 2284 432 2372 credibile,
445 2299 478 2350 et
491 2286 615 2374 effetas
629 2308 758 2387 quoque
773 2224 928 2386 impidiit.
972 2247 1049 2354 duo
1070 2285 1175 2372 magis
1192 2283 1291 2351 miror
1303 2318 1340 2354 nr

264 2393 331 2452 cos,
347 2369 483 2458 quinon
499 2384 618 2520 lputant
637 2373 694 2438 rnh
717 2383 894 2438 narratrone
909 2370 969 2438 effa
988 2369 1145 2440 utendum
1166 2369 1291 2439 affeeti-
1343 2371 1346 2380 ¹

263 2456 337 2524 bus.
381 2455 484 2524 Quin
523 2479 562 2522 oo
582 2457 705 2542 dicunt,
723 2479 787 2522 non
809 2456 877 2536 diu,
893 2480 952 2524 nec
966 2456 1050 2524 utin
1064 2455 1205 2542 epilogo,
1219 2476 1290 2520 me·

297 2676 308 2708 ⁶
328 2678 354 2725 in
365 2677 512 2726 observantia
521 2677 585 2726 Jens.
595 2686 617 2722 et
627 2674 709 2724 Aleul,
720 2676 779 2742 quod
788 2683 869 2726 restem
882 2685 947 2737 pero,
959 2687 981 2724 er
996 2675 1075 2724 eerrirre
1085 2674 1124 2722 ille
1133 2675 1206 2724 Serre.
1217 2691 1237 2723 e.
1248 2673 1290 2724 26.

263 2741 314 2789 fine
324 2741 486 2790 observatione
496 2743 526 2790 G.
538 2753 560 2789 er
570 2741 601 2796 el.
613 2750 649 2801 ep.
661 2742 740 2788 Berre.
821 2742 1021 2800 ‘inutmtioue
1031 2757 1074 2789 m.
1090 2741 1122 2788 G.
1196 2737 1299 2802 ἥκῃ..

264 2817 349 2854 menta
360 2807 391 2854 G.
465 2807 610 2853 ⁸tS'r’ceriam
624 2805 911 2869 G.vid.oam.1pist.p.
925 2819 964 2867 39.
1039 2805 1292 2854 *utenduminnen

265 2872 357 2920 ratione
368 2869 492 2920 affectibus
503 2871 534 2918 G.
544 2871 608 2919 Jens.

303 3049 364 3094 ¹07·
382 3033 419 3083 ad
432 3030 591 3098 celeritatem]
611 3030 697 3083 Multo
713 3050 753 3084 ce·
801 3039 907 3083 mentum
926 3041 950 3083 et
972 3021 1215 3099 argumentationem,
1237 3027 1291 3081 dic-

264 3100 339 3154 ieriue
351 3102 498 3172 breviusque
507 3112 590 3152 totum
601 3100 663 3152 illud
678 3117 753 3170 nego
801 3111 857 3152 turn
868 3100 910 3152 est.
923 3101 1096 3168 Argumentum
1103 3098 1182 3168 ponit,
1193 3097 1211 3150 fi
1222 3098 1290 3150 scho-

264 3174 330 3223 tium
342 3182 453 3240 apparet,
466 3171 517 3244 ipso
528 3170 617 3222 Staleni
629 3168 755 3238 Bulbique
795 3167 883 3222 ,lastice
901 3167 970 3240 loqui
990 3167 1097 3238 placeat,
1115 3169 1160 3236 qui
1181 3167 1293 3222 medium

264 3241 390 3308 colloquio
409 3235 539 3309 propolim,
558 3257 634 3308 quam
653 3237 669 3290 sr
689 3239 754 3290 indi-
791 3239 934 3290 terminum
952 3237 1106 3308 suppeditatr
1131 3245 1290 3304 argumenta-

263 3310 331 3362 redta
353 3311 530 3377 narrationep
591 3308 628 3361 sni
655 3307 755 3360 illorum
802 3306 982 3376 tur,quifacit
1001 3305 1176 3377 syllogifinum.
1195 3307 1293 3377 supro

265 3379 385 3432 sermones
396 3378 481 3430 essenti
494 3378 581 3428 deinre
592 3379 616 3429 in
628 3394 679 3429 rem
691 3394 755 3446 qua·
803 3377 908 3445 Ligario
926 3377 1015 3428 Cicero
1029 3393 1057 3428 e.
1080 3395 1105 3426 e.
1123 3387 1218 3436 narret,
1234 3392 1293 3427 eum

264 3447 438 3518 fipraesentem
455 3446 486 3499 fic
502 3446 601 3498 dedndii
621 3447 755 3507 auditores,
803 3444 830 3496 in
841 3443 975 3514 previmia
987 3443 1188 3514 pacatiffimaita
1200 3447 1231 3514 se
1256 3444 1292 3514 es-

264 3530 290 3571 et
308 3518 368 3570 sides
385 3515 451 3569 faeie
471 3516 574 3587 plenior,
586 3515 679 3567 auditis
699 3514 756 3586 iptio
796 3513 857 3583 fiffe,
869 3513 1021 3582 uteipacem
1031 3513 1216 3586 effeexpediret.
1234 3461 1292 3566 ileo

263 3605 349 3640 eorum
362 3587 453 3640 verbis.
804 3591 971 3652 &umatum
989 3583 1032 3644 esi,
1050 3595 1075 3636 et
1093 3583 1189 3636 medius
1206 3583 1294 3634 temi-

304 3676 363 3720 107.
376 3656 402 3708 in
414 3653 600 3718 Partitionibus]
615 3672 638 3705 c.
653 3673 678 3719 9.
692 3655 755 3706 Sua·
805 3671 861 3704 nus.
874 3651 1058 3720 Argumentatio
1067 3653 1124 3712 erit,
1136 3652 1153 3703 sr
1166 3651 1201 3702 ita
1212 3650 1292 3712 dieas,

265 3726 310 3780 vis
324 3725 436 3780 narratio
450 3725 490 3794 est,
502 3743 553 3793 quae
564 3723 755 3792 habetndmira-
805 3720 851 3772 Cui
866 3721 962 3790 expedit
976 3730 1063 3789 pacem
1082 3717 1185 3788 effari&
1200 3719 1293 3789 nones

265 3795 350 3856 tiones,
369 3794 564 3864 exspeliationes,
581 3793 661 3846 exitus
680 3791 755 3860 inopi·
804 3793 891 3842 metior
901 3789 964 3852 belli,
977 3789 1050 3858 Aequi
1058 3787 1161 3856 ligario
1172 3788 1221 3840 dte.

242 3888 247 3896 ¹
265 3874 345 3926 nator,
356 3861 498 3932 interemtos
514 3873 592 3914 moeres
608 3861 754 3922 antrorum,
842 3876 902 3910 κιο.
920 3853 1035 3926 affictus]
1061 3856 1246 3916 Misericordia,
1263 3873 1294 3910 ex

258 3933 380 4004 ulloquia
397 3931 565 4001 perlinarum,
582 3930 681 3992 dolores,
701 3930 755 3982 ira·
804 3945 842 3990 eo,
865 3928 933 3996 quod
961 3929 1044 3986 animo
1064 3924 1230 3978 obversaretur
1255 3928 1294 3978 eir

264 4003 377 4064 candias,
396 4012 482 4063 metus,
504 3999 616 4061 herem,
637 3999 755 4069 tepidita-
805 3999 894 4058 bonus,
906 3997 993 4066 patrie
1004 4007 1030 4048 et
1047 3995 1145 4058 suorum
1160 3995 1294 4048 amantin-

263 4082 309 4125 tes.
732 4089 735 4094 ·
804 4082 871 4127 mus,
889 4067 951 4118 dum
974 4067 1037 4116 vitat
1054 4065 1164 4134 negotia,
1183 4063 1245 4122 dura
1261 4066 1309 4122 ed·

303 4145 362 4191 108.
381 4148 409 4193 ut
425 4137 492 4203 dixi]
511 4138 590 4204 Supra
607 4136 626 4189 s.
646 4155 690 4204 79.
708 4137 755 4188 ubi
804 4135 860 4188 suos
872 4146 994 4204 properat,
1006 4137 1120 4196 maximis
1129 4133 1296 4208 molestiitlat·

262 4209 348 4272 etiarn,
371 4209 434 4280 quid
456 4207 573 4262 interesset
595 4209 658 4262 inter
677 4221 755 4282 arge-
804 4221 853 4275 que
864 4201 1139 4276 periculieimplieitun
1169 4241 1174 4248 -
