2938 4910
234 358 296 424 tt·

234 523 378 666 wlff·
392 507 542 577 tontetsa
553 509 587 576 iu
603 507 688 577 orale
707 508 833 576 dietum
852 509 919 576 sere
937 505 1164 597 ambiguitate.
1201 503 1269 570 Ne

466 341 514 410 Μ.
533 343 660 408 nanu
685 343 1031 408 outno‘rttlattt

302 591 447 744 puidam,
461 617 535 682 quae
550 595 698 662 Ciceroni
712 595 897 683 aliquando,
912 594 965 662 sed
979 617 1045 661 non
1067 593 1099 658 in
1121 591 1265 681 agendo,

233 679 305 747 exci
329 693 434 760 erunt,
449 694 487 746 ut
499 680 567 746 dixi
578 692 604 758 ¹,
618 703 692 748 cum
708 681 736 746 is
750 680 950 756 candidatur,
964 680 1022 767 qui
1036 678 1156 765 coquiy
1179 678 1267 750 filius

234 763 422 844 habebatur,
446 758 562 832 coram’
576 787 617 830 ee
639 765 821 854 suffragium
849 767 890 832 ab
913 765 998 832 alioz
1022 777 1166 852 peteret,
1193 765 1265 849 Ego

235 873 347 938 quoque
362 851 417 914 tibi
427 853 521 938 jure¹
532 850 660 936 favebo.
705 854 795 931 Non,
811 852 887 938 quie
900 850 1101 919 excludenda
1114 851 1173 914 srnt
1190 871 1262 914 orn-
1276 845 1328 926 48

235 935 313 1000 nino
327 937 433 1014 verba,
443 935 524 1000 duoe
539 936 642 1002 sensus
656 936 881 1022 significantia:
897 937 963 1018 sed,
1003 937 1057 1002 uia
1070 958 1140 1000 raro
1154 934 1264 1000 belle¹²

235 1019 454 1107 respondeant,
470 1021 524 1084 nisr
539 1043 614 1088 cum
628 1022 753 1108 prorsus
765 1023 861 1094 rebus
875 1023 947 1110 ipsu
1003 1021 1161 1088 'urantur
1187 1022 1267 1088 Qua

236 1127 272 1172 re
297 1127 361 1172 non
379 1109 443 1172 hoc
462 1105 561 1173 modo
585 1129 666 1192 pene
680 1122 714 1172 et
728 1108 827 1194 ipsum
842 1108 971 1174 scurrile
987 1046 1151 1172 Ciceronis
1172 1105 1263 1168 estin

236 1190 398 1269 eumdem,
413 1191 454 1258 de
476 1213 542 1278 quo
565 1191 655 1278 supra
678 1192 759 1272 diri,
782 1193 966 1272 Isauricum,
989 1193 1103 1270 Miror,
1120 1191 1196 1276 quid
1205 1190 1263 1274 stt,

236 1277 316 1362 quod
336 1290 421 1364 pater
443 1290 523 1356 tuus,
538 1278 618 1344 homo
640 1277 888 1365 constontrffinrus,
902 1291 930 1342 te
949 1277 1033 1343 nobis
1047 1276 1168 1342 variam
1190 1275 1262 1338 rel'·

236 1361 325 1448 quit.-
348 1361 401 1428 scd
415 1362 496 1428 illud
510 1383 550 1428 ex
563 1363 675 1428 eodem
690 1385 808 1450 genere
828 1363 1027 1450 praeclarum,
1044 1383 1118 1428 cum
1139 1361 1261 1449 objice·
1276 1377 1343 1442 49,

236 1460 287 1512 ret
300 1447 418 1514 Miloni
432 1445 593 1520 accusator
607 1449 639 1512 in
654 1463 883 1538 argumentum
900 1448 1053 1514 sectarum
1075 1446 1193 1513 Clodio
1212 1445 1264 1510 in-

237 1531 395 1612 sidiarum,
411 1533 490 1619 quod
513 1533 653 1598 Bovillas
679 1535 873 1600 aneatorum
894 1558 1001 1601 nonam
1017 1533 1266 1618 daomnffitzut
1314 1527 1320 1534 ’

236 1619 426 1706 exspectaret,
440 1619 512 1685 dum
538 1618 659 1684 Clodius
682 1644 703 1684 a
725 1617 806 1686 villa
817 1621 881 1706 sua
903 1619 1005 1694 exiret,
1021 1631 1054 1682 et
1076 1615 1265 1682 idemtidem

237 1701 460 1790 interrogaret,
475 1725 531 1788 quo
554 1715 678 1794 tempore
702 1704 822 1772 Clodiae
844 1705 948 1792 occisus
968 1704 1064 1790 offis?
1091 1699 1264 1788 respondit,

240 1787 332 1857 Sero:
355 1789 445 1874 quod
468 1787 518 1852 vel
542 1789 644 1856 solum
665 1789 790 1868 sufficit,
804 1803 843 1856 ut
858 1791 921 1856 hoc
944 1810 1049 1876 genua
1071 1809 1136 1852 non
1159 1799 1263 1852 totum

235 1872 430 1958 repudietur.
474 1875 652 2024 Neoplura
666 1876 766 1940 modo
786 1875 951 1961 significari
965 1873 1077 1951 solent,
1092 1871 1147 1938 sed
1166 1871 1261 1936 etlam
1275 1889 1324 1954 50

573 1983 592 2026 e

237 1957 377 2024 diversa:
397 1972 435 2024 ut
448 1959 537 2030 Nero

304 2045 309 2056 ,
431 2044 436 2055 Ι
507 2045 544 2056 ..
602 1961 693 2058 servo
707 1961 836 2047 pessimo
845 1960 943 2039 dixit,
959 1959 1048 2022 Nulli
1061 1959 1145 2105 apud
1146 1959 1184 2043 s‘
1195 1956 1264 2044 plus

225 2041 310 2128 fida
333 2043 458 2108 Palm:
480 2046 558 2108 mbtl
583 2070 610 2110 ιι
639 2046 755 2133 nequad
777 2045 919 2134 occlusum
942 2069 978 2108 na
997 2068 1033 2110 ue
1060 2068 1075 2110 e

1084 2043 1263 2128 strwm‘

238 2131 303 2226 ff·
348 2129 493 2228 Pervenit
507 2151 557 2196 ree
571 2131 670 2230 usque
684 2130 724 2194 ad
738 2131 891 2216 aenigmat
915 2151 959 2228 qu
992 2131 1027 2194 es
1041 2130 1085 2200 est
1100 2127 1265 2226 Ciceronis
1276 2143 1320 2209 51

237 2235 272 2281 rn
302 2212 476 2282 Pictonum
507 2217 632 2281 Fonteii
658 2213 883 2294 accusatorem,
910 2238 991 2300 crpus
1018 2227 1142 2278 matrem
1171 2212 1265 2289 dixit,

238 2299 310 2406 dum
322 2299 452 2386 vixisset,
468 2299 583 2380 ludum,
595 2299 746 2389 postquam
765 2313 882 2396 mortua
903 2301 981 2387 effit,
995 2297 1147 2386 mgistros
1167 2298 1265 2364 babe-

271 2478 285 2508 ¹
302 2489 343 2522 om.
355 2473 410 2520 νοντ’.
424 2471 524 2520 Gnaeus
533 2483 570 2538 ap.
581 2474 639 2525 Bur.
702 2480 716 2520 t
733 2473 801 2522 cocci
810 2471 874 2524 Jens.

643 2533 807 2585 ’bellolens
872 2543 882 2569 ²
901 2535 1026 2585 divertisset
1036 2533 1100 2584 Jens.

239 2533 302 2584 Jens.
314 2547 335 2584 et
344 2491 401 2584 vass
406 2535 478 2582 emitti
491 2537 578 2600 Regius.

239 2601 335 2650 clusum
346 2601 376 2648 G.
393 2603 415 2648 ei
426 2609 505 2662 neque
517 2601 610 2650 clusum
621 2601 685 2649 Jens.

239 2749 308 2802 dieta
318 2747 430 2810 obscum,
443 2747 569 2802 Asellanoe
585 2747 678 2802 sahulae
689 2750 728 2804 in-

240 2819 297 2880 star,
310 2822 334 2871 in
351 2835 403 2888 qua
418 2818 523 2884 ridicula
541 2817 639 2872 intexta
648 2819 728 2886 vens·

239 2887 283 2940 bus
304 2889 468 2951 'adlabentem
481 2900 512 2952 ut
529 2890 564 2940 ait
581 2890 640 2942 Liv.
654 2908 680 2951 7,
693 2907 726 2941 ar

239 2909 324 3026 paullo
336 2971 391 3010 ante
404 2963 430 3010 in
447 2957 520 3024 hujus
532 2959 566 3008 rei
578 2957 673 3027 origine
691 2959 729 3010 in·

240 3027 346 3080 dicanda
366 3019 461 3080 dixerat
479 3025 604 3080 inconditis
625 3025 691 3080 inter
699 3029 730 3097 se

234 3095 361 3164 jocularia
379 3095 489 3163 versibus
503 3093 592 3165 sud'qsi
612 3098 730 3162 juventu·

215 3217 219 3226 ,
241 3177 303 3220 tem.
313 3182 315 3188 ·
325 3167 470 3224 Obscuritns
482 3169 581 3220 videtur
592 3161 671 3227 fuste,
682 3169 732 3220 Fa-

210 3259 211 3266 ¹
241 3236 286 3286 bio
302 3236 427 3305 prodente,
439 3237 471 3288 ab
494 3235 546 3306 ipsa
568 3236 728 3304 antiquitate,

242 3306 314 3370 eujus
326 3305 459 3376 imaginem
470 3306 589 3360 servarent
599 3305 717 3369 juniores.

278 3393 323 3438 47.
352 3385 379 3426 ut
398 3373 466 3441 dixi]
494 3374 575 3428 Potest
593 3374 680 3443 respici
699 3374 731 3426 ad

242 3443 316 3510 hujus
328 3446 417 3514 capitis
434 3444 452 3494 s.
473 3463 497 3508 3.
516 3444 552 3512 sq.
580 3443 632 3495 Nili
649 3457 731 3496 tamen

242 3513 367 3566 malumne
379 3513 479 3566 Gallam
488 3512 634 3564 auscultare.

278 3587 323 3647 48.
342 3585 371 3635 de
388 3601 432 3652 quo
441 3583 534 3654 supra]
558 3583 583 3634 S.
603 3599 646 3646 25.
666 3581 731 3633 unde

243 3665 268 3705 et
280 3655 449 3723 interpretatio
461 3653 533 3718 hujus
545 3653 605 3704 «ticli
617 3653 729 3720 petenda.

244 3725 339 3792 Nempe
350 3721 443 3774 varius
461 3735 488 3772 ut
504 3721 674 3784 inconstantem
687 3736 731 3772 no-

243 3803 292 3854 tat,
305 3793 340 3843 ita
356 3809 412 3842 enm
432 3809 539 3860 quoque,
552 3791 621 3856 cujus
633 3803 731 3860 tergum

243 3861 322 3931 virgis
345 3859 449 3912 varium
473 3859 491 3912 s.
516 3859 665 3912 maculosum
688 3860 730 3912 esi.

246 3927 285 3982 Sic
299 3930 429 4000 aliquoties
441 3929 556 3990 Plautus,
566 3948 588 3980 v.
600 3949 626 3995 g.
641 3927 729 3981 Pseud.

248 4021 271 4062 r,
286 4020 311 4060 a,
327 4019 368 4052 12.
398 3999 439 4052 lta
450 4017 491 4066 ago
503 3999 588 4122 eoffa
599 4000 681 4050 latera
697 3993 742 4050 lo?

244 4070 280 4122 ris
298 4069 410 4134 faciam,
434 4079 464 4138 ut,
483 4087 522 4120 vn
584 4067 729 4136 varia'stnt.

244 4139 318 4193 Add,
331 4139 391 4192 Mil.
405 4159 431 4204 2,
445 4158 470 4204 2,
484 4143 527 4192 tr.
544 4149 568 4192 et
580 4137 653 4194 Poen.
667 4139 730 4210 prol.

244 4211 288 4261 26.

947 2480 961 2508 2
977 2471 1081 2520 eoJens.
1153 2479 1165 2508 ²
1181 2488 1223 2518 em.
1234 2471 1267 2518 G.
1320 2523 1326 2532 ,

1165 2533 1176 2564 ⁶
1195 2535 1216 2582 ei
1231 2537 1269 2582 in·

750 2607 760 2633 ⁸
778 2601 899 2664 signatum
910 2601 941 2650 G.
952 2601 1016 2650 Jens.
1079 2599 1090 2632 f
1105 2613 1161 2662 quae
1171 2599 1235 2648 Jens.

812 2768 857 2820 49.
877 2752 948 2816 Sem]
968 2750 1084 2802 Debebat
1100 2750 1167 2800 enim
1178 2747 1209 2799 de
1220 2745 1268 2799 ct-

777 2821 872 2876 cetonis
883 2819 1000 2874 sententia
1015 2818 1076 2872 olim
1087 2817 1181 2887 periisse
1191 2816 1269 2869 homo

778 2890 899 2962 pestilens,
917 2902 973 2942 ante
992 2887 1127 2958 aliquando
1144 2904 1219 2958 quam
1238 2902 1268 2938 ea

777 2957 1173 3028 vulnerainfligeretreipublicae.
1267 2968 1269 2974 '
1334 2965 1337 2970 '

807 3029 858 3095 30.
888 3027 1005 3098 diversa]
1035 3027 1166 3080 Contraria
1194 3023 1267 3094 plane

779 3098 818 3150 hit
830 3108 855 3152 et
865 3115 898 3168 op
916 3095 984 3160 osrta,
996 3115 1054 3165 quae
1065 3097 1116 3148 dici
1126 3097 1250 3148 videntur.

816 3186 859 3234 50.
878 3115 943 3222 ssim
959 3167 989 3220 de
998 3167 1091 3237 servo]
1118 3163 1271 3234 Nequiade

778 3239 874 3290 Nerone
899 3239 1049 3306 imperatore
1068 3237 1171 3304 cogitet,
1192 3236 1268 3285 inter-

778 3307 853 3368 cedit,
865 3306 932 3376 quod
944 3324 959 3358 a
970 3307 1053 3375 Regio
1067 3308 1120 3373 iam
1131 3304 1266 3364 monitum,

779 3377 837 3428 cic.
856 3376 887 3428 de
904 3379 977 3428 Orat.
997 3395 1024 3434 a,
1036 3378 1081 3436 61,
1099 3375 1154 3442 qui,
1167 3371 1267 3425 Ridicu-

778 3445 828 3496 lum
844 3445 885 3515 est,
898 3446 943 3505 air,
960 3443 1126 3498 Neronianum
1142 3441 1204 3494 illud
1217 3459 1266 3494 ve-

732 3525 735 3534 “
779 3524 818 3566 tus
829 3513 855 3565 in
864 3514 959 3582 furate
967 3517 1057 3584 servo,
1070 3512 1150 3566 Solum
1165 3511 1216 3581 effe,
1228 3509 1268 3562 cui

779 3581 842 3704 doplrr‘
860 3583 923 3635 nihil
935 3583 969 3650 fit
990 3599 1034 3636 nec
1052 3581 1207 3652 obsignatum,
1224 3595 1267 3632 nec
1309 3629 1318 3638 ,,

779 3667 805 3704 ec
827 3669 903 3704 aum.

818 3654 860 3788 si
874 3717 994 3774 Ciceronis
1008 3719 1034 3774 r'n
1046 3719 1190 3786 Platorium]
1209 3719 1267 3773 Non

781 3791 812 3844 est
824 3793 850 3842 in
862 3791 973 3862 reliquiis
983 3791 1111 3851 orationis,
1121 3807 1177 3858 quae
1186 3788 1268 3842 adhue

781 3857 916 3930 supersunt,
928 3879 972 3931 pro
988 3861 1028 3912 M.
1048 3859 1162 3912 Fonteio.
1186 3857 1268 3910 Caete·

780 3949 836 3982 rum
860 3931 917 3982 satis
947 3929 1088 3984 sententiam
1112 3927 1160 3998 ipse
1189 3927 1269 3994 aperit

780 4001 886 4062 Fabius,
909 4012 933 4052 et
956 3997 986 4050 de
1009 3997 1128 4069 Magrstro
1150 3995 1270 4050 nunionis

781 4069 853 4122 hodie
872 4067 910 4124 vel
930 4087 960 4122 ex
976 4069 1075 4122 Lericis
1093 4086 1131 4122 res
1151 4064 1269 4140 apertissi-

780 4156 830 4192 ma.
1129 4155 1131 4160 ’
