3000 4908
246 377 309 438 310
468 301 475 330 i
490 360 537 422 Μ.
551 359 676 422 FABII
696 359 1042 422 0U1NOT1L1AN1

247 523 400 612 praefidia,
414 545 488 590 oum
502 523 566 590 hoc'
588 525 622 590 in
636 523 748 589 eadem
768 521 868 590 cautla
882 523 950 588 fieri
971 545 1012 588 ex
1032 531 1167 611 utraque
1188 533 1277 610 porte

249 611 391 674 limiliter
416 611 515 697 poffit.
561 609 629 674 111ae
652 609 805 674 firmiores
830 631 870 674 ex
893 608 947 672 sua
972 607 1124 695 cujusque
1147 609 1277 696 persona
1292 618 1333 686 13

249 695 463 782 probationes,
480 717 552 781 quaa
567 693 753 759 credibilem
775 694 930 758 rationem
945 693 1115 758 sub'ettam
1132 693 1275 759 habent:

250 791 290 846 ut
300 781 490 860 vulneratus,
505 780 634 868 autfilio
649 780 766 844 arbatus
781 803 840 842 non
850 779 953 866 ficari!
967 715 1061 844 adium
1076 780 1277 866 accusaturus,

250 891 341 954 quom
355 877 519 943 notantem3
564 865 672 942 nando,
686 863 720 950 Ji
742 865 892 952 negotium
905 863 1050 928 innocenti
1063 863 1159 950 facit,
1176 864 1279 928 liberet

252 974 318 1013 eum
332 975 421 1028 nono,
437 951 489 1038 qui
503 889 665 1038 adinisarit.
709 949 798 1013 Hinc
812 962 846 1013 et
860 963 963 1036 patrea
986 949 1132 1013 adversos
1146 949 1277 1026 liberos,
1295 957 1338 1022 14

224 1035 229 1058 ¹
253 1047 288 1100 et
298 1037 308 1074 f
319 1035 463 1100 adversos
478 1035 549 1099 suos
563 1035 695 1121 quisque
709 1034 891 1099 necessarios
910 1034 1131 1100 auctoritatem
1152 1047 1279 1121 petunt.

257 1119 432 1186 Quaefitum
455 1121 564 1199 etiam,
591 1119 825 1206 potentiffimass
847 1133 1035 1206 argumenta
1057 1119 1200 1206 primone
1221 1141 1280 1204 po·

256 1205 361 1272 nenda
375 1205 433 1269 fint
448 1205 532 1286 loco,
548 1217 586 1269 ut
606 1217 764 1292 occupent
783 1205 929 1269 animos:
953 1225 993 1268 an
1017 1205 1153 1283 summo,
1169 1217 1206 1267 ut
1230 1203 1280 1268 in-

256 1290 323 1354 del
343 1290 528 1354 dimittant:
552 1311 592 1353 an
608 1288 721 1376 partita
741 1289 846 1375 primo
857 1289 1075 1376 ‘summoque3
1097 1302 1135 1354 ut
1156 1291 1281 1352 Home·

256 1376 324 1440 rica
348 1375 546 1462 dispositione
571 1375 604 1438 in
627 1373 734 1438 medio
759 1374 818 1439 fint
843 1374 988 1438 infirmat
1020 1375 1079 1438 an¹
1099 1397 1119 1438 a
1139 1373 1282 1438 minimis

254 1460 419 1537 crescant:
454 1463 550 1540 Quae,
573 1472 670 1546 prout
693 1459 773 1524 ratio
795 1460 906 1524 caullae
928 1457 1079 1547 cujusque
1098 1459 1282 1546 postulabit,

256 1545 499 1624 ordinabuntur,
514 1567 580 1608 uno
608 1555 660 1626 (ut
673 1565 740 1716 jgo
761 1545 885 1628 censeo)
909 1560 1055 1694 excepto,
1079 1569 1116 1608 ne
1138 1569 1158 1606 a
1176 1557 1282 1632 poten-

258 1631 370 1716 tffmis
384 1633 428 1694 ad
442 1630 585 1716 laoffnuz
599 1631 744 1692 dccreccu
757 1631 860 1694 oratio.
904 1631 976 1718 Ego
1015 1651 1061 1694 aeo
1076 1629 1212 1704 breviter
1225 1629 1282 1694 de·
1298 1633 1339 1704 15

257 1714 435 1782 monstrasse
458 1714 701 1792 contemnam
723 1715 821 1800 posui,
837 1727 874 1778 ut
894 1715 982 1780 locon
998 1715 1079 1801 ipsos
1099 1726 1132 1779 et
1153 1735 1283 1801 genera,

249 1809 255 1822 ⁶
284 1823 356 1865 narn
381 1799 497 1886 pollam
519 1799 716 1886 apertissime,
731 1800 935 1864 ostenderem.
980 1801 1124 1866 Quidam
1146 1799 1285 1864 exsecuti

258 1825 331 1950 inat
351 1886 523 1962 verbofius,
549 1883 665 1971 quibua
688 1884 808 1971 placuit
829 1885 984 1972 propolita
1011 1885 1171 1950 locorum¹
1194 1907 1283 1949 com-

259 1971 408 2035 munium
434 1969 579 2049 materia,
605 1981 700 2055 quo¹¹1
725 1991 863 2057 quaeque
886 1991 936 2034 res
962 1969 1059 2035 modo
1084 1969 1148 2034 dici
1175 1970 1283 2056 pollet,

259 2055 440 2120 ostendere:
471 2053 524 2118 sed
543 2053 624 2117 mihi
648 2054 874 2141 lirpervacuum
897 2055 1074 2120 videbatur.
1119 2056 1206 2119 Nam
1229 2066 1283 2120 et¹²
1299 2047 1343 2110 16

260 2139 327 2204 fere
346 2152 485 2227 apparet,
500 2138 579 2226 quid
605 2139 636 2200 in
659 2139 807 2203 inuidiam
816 2147 842 2219 ⁰,
856 2139 934 2226 quid
957 2141 990 2204 in
1012 2141 1190 2220 avaritiam,
1207 2141 1285 2228 quid

257 2225 293 2289 in
307 2223 401 2308 testem
415 2225 573 2302 inimicum,
590 2223 669 2309 quid
683 2224 739 2288 in?
760 2237 886 2310 potentes
907 2227 1012 2290 amicos
1033 2225 1204 2290 dicendum
1226 2227 1283 2290 stt:

260 2323 296 2374 et
317 2309 357 2372 de
380 2309 530 2372 omnibus
553 2308 603 2371 his
627 2309 735 2372 omnia
759 2309 864 2374 dicere
885 2309 1044 2374 inlinitum
1059 2311 1114 2390 est,
1129 2323 1196 2375 tarn
1211 2311 1285 2374 her-

259 2395 346 2473 cule,
361 2394 492 2480 quamsi
514 2395 803 2472 controverfiarum,
819 2417 893 2481 quae
914 2397 996 2474 sunt,
1011 2417 1083 2482 quae
1107 2417 1148 2461 ue
1169 2395 1285 2461 luturae

258 2479 369 2558 sunta,
393 2479 591 2566 quaestiones,
614 2493 812 2565 argumenta,
835 2479 1004 2546 sententias
1030 2419 1153 2546 tradere
1176 2481 1284 2548 velim.

261 2565 347 2650 Ipsas
372 2578 479 2628 autem
501 2577 761 2650 argumentorum
785 2564 873 2628 velut
893 2565 981 2630 sedes
1002 2589 1066 2629 non
1088 2587 1141 2630 me
1155 2567 1285 2653 quidem
1301 2573 1343 2642 17

261 2671 375 2714 omncs
391 2647 552 2722 ostendisse
568 2647 705 2727 confido,
721 2649 872 2734 plurimas
886 2663 1005 2716 tamen.
1050 2649 1149 2717 Quod
1173 2673 1212 2716 eo
1233 2652 1285 2720 di-

261 2733 417 2821 ligentius
432 2733 612 2798 laciendum
634 2732 707 2812 fuit,
722 2734 799 2820 qnia
816 2735 1075 2814 declamationes,
1114 2736 1225 2801 uibus*
1246 2735 1288 2802 ad

261 2841 406 2908 pugnarn
436 2817 590 2884 forensem
619 2817 707 2884 velut
733 2819 906 2911 praepilatis
933 2821 1071 2886 exerceri
1091 2760 1288 2906 iolebamua,

294 3003 598 3068 ‘crednsuosomlenfl
664 3021 856 3082 'potillimeG‚
922 3023 1090 3072 hidemlens.
1147 3020 1289 3074 ‘autleni

263 3093 331 3130 aaut
343 3085 430 3130 animis
442 3085 474 3131 G.
538 3085 690 3132 ¹verborum
702 3086 733 3132 G.
799 3093 818 3118 m
838 3101 893 3149 quae
904 3087 934 3134 G.
984 3095 998 3124 ²¹
1015 3106 1056 3136 om.
1068 3089 1099 3136 G.
1110 3089 1174 3136 Jens.
1222 3107 1235 3133 ο
1252 3091 1289 3137 in·

258 3147 350 3206 jurium
362 3149 402 3194 itd.
469 3153 481 3187 Ρ
495 3163 538 3208 pro
548 3151 605 3196 teste
616 3151 696 3196 amico
708 3149 750 3198 ild.
760 3160 782 3197 et
787 3149 851 3213 plur.
862 3161 898 3213 ap.
910 3153 967 3199 Bur.
983 3153 1036 3209 Sed,
1048 3169 1114 3216 quam
1125 3153 1210 3213 danus,
1221 3153 1289 3202 etiarn

262 3221 336 3258 tuetur
349 3211 403 3259 cod.
414 3213 482 3258 aem.
494 3213 519 3258 in
529 3212 642 3260 Addendia
653 3215 733 3263 Burm.
797 3225 811 3264 ⁸1
832 3215 878 3263 lint
887 3217 951 3264 Jens.
1015 3237 1025 3265 r
1043 3235 1085 3269 om.
1096 3217 1127 3265 id.

282 3413 285 3420 ·
302 3409 344 3456 14.
361 3391 418 3444 inde
433 3392 571 3456 dimittant]
592 3395 628 3446 Ut
645 3395 677 3446 ab
696 3394 751 3464 ipsrs
799 3396 916 3459 metavit,
929 3398 1022 3466 quibus
1039 3397 1103 3452 inlr.
1117 3417 1140 3452 a.
1158 3411 1244 3452 contra
1260 3417 1288 3452 a·

263 3461 314 3514 illis
331 3461 500 3530 potentissrmis
523 3463 579 3514 inde
598 3465 752 3533 argumentis
800 3465 847 3522 lios
858 3465 968 3524 dieiturz
988 3468 1062 3529 dixit,
1073 3479 1103 3524 ut
1120 3469 1167 3522 hoc
1184 3483 1250 3532 utar,
1261 3469 1289 3522 in

261 3531 575 3592 dimittantadsententias
588 3531 698 3586 ferendas
709 3534 751 3600 ju·
802 3536 930 3588 adversarii
966 3537 1003 3592 sni
1033 3543 1153 3607 parentent
1183 3538 1289 3594 amicum

266 3603 344 3658 dices.
482 3629 484 3638 ,
803 3604 990 3674 Chrysogonum
1005 3605 1101 3660 fortiter
1117 3627 1162 3678 pro
1180 3611 1205 3660 S.
1225 3607 1289 3660 Ros·

246 3700 248 3705 ·
304 3705 347 3750 ¹4·
366 3686 496 3738 Homerica
506 3683 660 3756 dispositione]
674 3687 774 3758 Apud·
803 3675 843 3726 ⁶1⁰
854 3675 935 3726 Am&
937 3681 977 3728 1¹¹0
987 3677 1093 3757 Tullllffss
1104 3696 1127 3757 ἢ·
1140 3696 1184 3742 43·
1196 3677 1250 3745 sqq.

267 3759 403 3820 Homerum
421 3756 451 3803 ἰλ
476 3754 512 3803 3¹,
533 3756 757 3820 297‚‘1„„;,„,43,
832 3761 883 3822 Ι17.
908 3745 980 3804 velut
995 3747 1145 3816 praepilatas]
1173 3749 1225 3798 Int.
1248 3763 1289 3797 ar-

260 3827 348 3888 ·wpoiro
363 3828 401 3871 oin
417 3823 540 3885 innarenn)
557 3819 756 3884 ὅχεσφι,11ιζὲςδ’
804 3829 852 3862 mts
863 3812 901 3864 Vll
913 3813 995 3876 hastis,
1008 3835 1070 3885 quas
1081 3833 1129 3868 Ποῖ]
1141 3834 1156 3867 a
1166 3815 1217 3886 ΡῙῙ0
1229 3832 1289 3868 ²0¹¹·

266 3892 364 3949 έξόπιθιν
383 3891 446 3944 cleo
466 3883 552 3938 oranter
572 3903 597 3932 τε
623 3888 640 3948 »3
662 3883 754 3944 ἐσθλὸς,
805 3893 851 3942 tas,
863 3881 957 3950 spiculo
966 3887 1085 3948 munitas,
1093 3886 1130 3938 sed
1142 3885 1215 3954 apila
1225 3903 1290 3955 prae-

262 3955 331 4019 ”aqna
341 3954 392 4012 ἔμεν
409 3948 524 4012 πολέμοιο,
536 3950 604 4004 κακὸς
615 3947 632 3996 δ’
646 3947 667 4004 lc
676 3947 758 4010 nicea
806 3951 856 4004 fixa
866 3952 965 4003 obtusas
977 3967 1051 4021 atque
1060 3957 1171 4008 innoxias¹
1182 3955 1224 4023 (ut
1235 3956 1292 4007 sunt

266 4019 368 4076 iaceam,
383 4015 459 4078 'Oppi
477 4015 493 4079 5*
509 4017 539 4060 aa
549 4013 628 4062 ἐθέλων
637 4033 671 4068 τις
688 4017 764 4075 ἰνῶν,
807 4019 879 4072 hodie
890 4020 977 4090 gladii,
990 4025 1016 4074 in
1027 4026 1121 4092 quibua
1131 4025 1292 4076 armavibra-

269 4083 316 4145 zain
328 4079 447 4144 πολεμίζῃ·
806 4107 832 4140 re
843 4089 962 4152 docentur
979 4091 1079 4154 tirones,
1090 4093 1185 4163 Rappir
1195 4093 1293 4156 nostris,

309 4165 351 4214 16.
368 4159 394 4212 in
409 4167 516 4228 potentes
533 4157 635 4223 amicos]
663 4158 757 4214 Fabius
807 4158 890 4210 Gallis
902 4159 1023 4227 Flcurets)
1040 4175 1124 4215 contra
1135 4162 1206 4232 vulgi
1222 4163 1292 4234 supe-

268 4232 308 4286 hic
320 4248 361 4284 eos
373 4229 439 4284 locos
451 4228 555 4300 exempli
567 4229 756 4282 causacomme-
806 4228 879 4286 rioria
901 4245 1006 4290 errorem
1029 4233 1122 4288 idoneis
1142 4232 1294 4303 argumentis
