3024 4912
401 417 572 480 rusum.
598 415 800 479 onnnon.
825 418 911 478 nra.
932 414 989 479 111.
1013 415 1040 477 a
1211 405 1270 498 '¹97

239 567 374 648 decoras
397 581 513 648 dantur
527 605 636 670 parum
650 582 744 648 bonis
768 581 906 661 consilia,
922 581 956 646 in
979 581 1097 673 quibus
1117 579 1269 670 ipsorum,¹

239 668 295 768 qui
309 668 491 748 consulunt,
507 670 662 755 spectatur
674 669 808 734 utilitas·
852 670 926 734 Nec
939 691 992 732 me
1010 667 1105 748 sallit,
1121 689 1192 754 quae
1208 669 1269 732 sta,

239 765 300 818 tun
323 753 482 842 cogitatio
506 755 610 821 subire
632 754 723 842 possit
744 753 919 842 legentem.
964 755 1039 817 Hoc
1058 775 1135 902 eff
1176 753 1269 817 raeci-

184 859 226 924 42
239 838 311 924 pis?
336 853 369 904 et
393 839 455 905 hoc
477 839 524 904 sas
550 842 666 926 putas?
696 842 822 904 Poterat
847 860 901 902 me
924 837 1058 907 liberare
1116 887 1124 903 .
1171 838 1269 926 icero,

229 924 297 1096 Jui
312 923 358 989 ita
376 925 483 990 scribit
497 925 537 990 ad
551 927 699 1004 Brutum,
716 924 873 1011 Prepufitir
891 924 1041 1010 plurimis,
1067 949 1137 1012 quae
1161 921 1271 1018 honeste

253 1011 358 1074 uaderi
375 1011 489 1098 Caesari
505 1010 626 1098 paffeut,
635 1011 764 1098 fiunem
781 1011 871 1072 bouus
885 1009 948 1086 vir,
962 1009 1074 1096 siluae
1090 1009 1272 1096 suadeam?

239 1094 382 1160 Minime.
415 1097 548 1184 Suasoris
562 1094 721 1184 cuimfiuis
735 1093 900 1180 estutilitos
915 1095 988 1180 ejus,
1004 1095 1051 1159 cui
1064 1095 1270 1192 qaisquasua·

240 1181 301 1245 det.
344 1181 391 1245 At
403 1189 483 1245 retia
492 1184 587 1268 suut:
610 1183 676 1270 quis
690 1193 783 1268 negat
793 1183 811 1244 ,θ
822 1181 883 1268 sad
894 1204 952 1243 reon
966 1177 1124 1278 cstfimpcr
1138 1189 1224 1245 retiis
1237 1203 1271 1254 m
1378 1241 1382 1246 .

230 1266 387 1352 stradardo
412 1257 499 1332 locus.
542 1265 607 1331 Sed
630 1267 708 1352 quia
729 1267 772 1330 est
793 1265 887 1330 altior
904 1265 1046 1412 iuaestlo'
1063 1287 1122 1329 nec
1144 1277 1271 1341 tanturn

241 1350 282 1416 ad
296 1351 444 1416 suasorias
498 1350 607 1432 rtinet,
623 1351 795 1416 destinatus
810 1351 853 1414 est
865 1349 910 1413 mi
937 1349 945 1412 i
962 1349 1015 1414 bic
1030 1350 1121 1415 locus
1144 1350 1269 1415 duode-

185 1455 225 1524 43
241 1435 327 1500 cimo
354 1437 424 1524 (qui
462 1457 590 1501 ummus
613 1435 743 1502 futurus
765 1435 821 1517 est)
849 1433 944 1499 libro.
988 1437 1062 1500 Nec
1087 1458 1149 1522 ego
1172 1433 1269 1522 quid-

239 1543 338 1668 ?uam
362 1521 430 1586 fieri
452 1521 590 1608 turpiter
608 1521 718 1586 velim.
761 1523 884 1586 Verum
906 1519 1034 1586 interim
1061 1521 1130 1586 haec
1155 1521 1205 1584 vel
1230 1519 1273 1586 ad

251 1605 418 1670 cholerum
433 1605 672 1672 exercitationes
709 1605 842 1671 ertinere
856 1603 1046 1672 credantur:
1070 1629 1144 1670 narn
1158 1619 1192 1670 et
1206 1605 1271 1670 ini·

186 1713 230 1778 44
241 1711 378 1777 quorum
393 1691 474 1756 ratio
488 1691 645 1760 noscenda
657 1629 713 1771 etl,
728 1705 765 1756 ut
779 1691 895 1756 melius
909 1713 999 1776 aequa
1013 1703 1170 1757 tueamur.
1215 1693 1273 1755 ln-

241 1775 336 1840 terim
351 1777 372 1841 fi
387 1777 458 1863 quis
472 1777 559 1841 bono
574 1777 737 1841 inhonesta
749 1775 904 1857 suadebit,
918 1776 1099 1842 meminerit
1119 1799 1184 1841 non
1197 1779 1270 1841 sua-

242 1859 317 1926 dere
331 1875 495 1950 tamquam
507 1862 683 1942 inhonesta,
696 1877 732 1926 ut
746 1862 876 1949 quidam
892 1860 1120 1926 declamatores
1135 1864 1272 1930 Sextum

242 1947 429 2034 Pompeium
450 1946 491 2011 ad
511 1948 687 2034 piraticam,
704 1961 830 2036 propter
844 1947 907 2011 hoc
929 1947 939 2010 i
963 1948 1044 2025 sum,
1059 1947 1148 2034 quod
1170 1947 1271 2034 turpis¹

240 2045 275 2097 et
289 2033 427 2098 crudelis
441 2032 489 2111 fit,
503 2031 673 2120 impellunt
687 2057 695 2096 r
715 2033 768 2097 sed
782 2032 906 2098 dandus
921 1970 985 2096 illis
998 2031 1195 2102 deformibus
1211 2054 1269 2102 co-

239 2117 299 2198 lor,
316 2117 415 2206 idque
438 2119 534 2184 etiam
556 2118 642 2206 apud
665 2117 778 2183 malos.
821 2120 856 2182 N
860 2138 905 2181 nc
929 2117 1015 2182 enim
1038 2119 1080 2182 est
1102 2118 1271 2204 quisquam

185 2222 227 2292 45
240 2214 308 2267 tam
332 2204 448 2285 malua,
471 2217 510 2269 ut
533 2204 662 2269 malus·
688 2203 789 2268 videri
810 2202 899 2267 velit.
944 2201 998 2267 Sic
1023 2203 1161 2268 Catilina
1184 2203 1272 2304 apud

240 2287 422 2354 Sallustium
445 2289 599 2376 loquitur,
613 2300 651 2353 ut
673 2311 741 2354 rem
765 2288 1026 2354 sceleratissimam
1049 2311 1112 2358 non
1134 2289 1270 2367 malitia,

239 2373 292 2470 sed
308 2373 528 2463 indignatione
548 2373 692 2440 videatur
711 2374 838 2440 audere.
883 2374 937 2438 Sic
958 2375 1077 2438 Atreus
1097 2375 1182 2462 apud
1202 2377 1271 2442 Vae

240 2479 347 2524 num:

324 2579 492 2672 Jamfcro⁰
509 2581 642 2670 (inquit)
661 2507 1064 2671 irrsandffla,jamfacera
1079 2606 1175 2670 cogor.

187 2721 230 2802 46
242 2715 377 2780 Quanto
398 2716 503 2802 magis
525 2717 583 2795 eie,
599 2716 717 2804 quibus
739 2738 815 2781 cura
834 2715 927 2780 samue
949 2715 1022 2795 fuit,
1038 2716 1270 2788 conservandus
1299 2729 1302 2736 ⁴

242 2802 284 2865 est
307 2800 361 2865 hic
382 2801 460 2865 verr
483 2802 647 2868 ambitus?
673 2803 782 2868 Quare
796 2815 830 2866 et
850 2823 926 2866 curn
952 2799 1102 2866 Ciceroni
1120 2802 1270 2870 dabimus

206 3032 209 3036 ’
274 3025 294 3052 ”¹
312 3021 439 3068 sumneG.
504 3031 518 3059 ¹¹
535 3039 576 3068 aru.
588 3021 619 3068 G.
630 3020 692 3068 Jens.
704 3029 775 3068 acute.
834 3024 851 3050 ·⁰
870 3015 1150 3084 Quidfilegamusserre?
1193 3019 1271 3072 trel«

241 3093 269 3134 ut
279 3087 335 3157 carri.¹
346 3086 452 3134 Francius
462 3086 523 3150 aputl
531 3087 611 3135 Barna

276 3267 321 3314 42.
347 3249 385 3302 ad
402 3247 520 3313 Brutum]
551 3246 732 3299 obscuraverat
780 3245 861 3299 studio
877 3247 989 3316 ponitur,
1005 3257 1035 3298 ut
1052 3245 1115 3298 infra
1129 3265 1171 3309 12,
1186 3265 1229 3310 ro,
1242 3266 1267 3314 3.

241 3319 288 3370 hoc
314 3317 480 3389 fragmentum
508 3331 519 3369 t
555 3317 731 3386 ographonrm,
776 3315 903 3386 preprium
914 3317 1041 3388 quemdam
1052 3315 1202 3385 intelligendi
1213 3336 1269 3369 am-

241 3388 323 3449 credo,
336 3335 586 3458 pemersa’sedudiac‚
599 3387 742 3456 itautagm
780 3384 855 3437 bitum
865 3386 938 3438 dixit.
966 3387 991 3437 Si
1003 3387 1048 3456 qui
1063 3388 1138 3438 etiam
1157 3403 1206 3438 non
1223 3387 1270 3438 ho-
1299 3407 1309 3426 ¹

240 3457 308 3508 nosci
329 3475 385 3510 non·
396 3456 481 3537 posset,
504 3458 631 3510 Ciceronis
655 3457 730 3508 uerba
777 3455 836 3507 nesti
853 3455 935 3517 sinusr
952 3455 1018 3508 mala
1035 3457 1156 3520 audeant,
1175 3457 1269 3517 consen.

241 3529 361 3596 pertinere
372 3527 492 3595 usquead
504 3525 555 3587 illa,
567 3524 593 3576 iu
603 3526 730 3595 suadeam
777 3526 874 3578 vandus
893 3537 974 3577 tamen
993 3525 1025 3578 ert
1036 3526 1110 3578 etiam
1128 3525 1169 3578 ille
1188 3528 1269 3580 ambi-

191 3625 195 3629 ·
240 3595 314 3648 acas.
326 3597 451 3666 Apparet,
460 3596 618 3666 quaestionem
630 3594 730 3664 positam
779 3605 831 3654 tus,
843 3595 992 3648 serviendum
1004 3588 1083 3650 studio
1097 3594 1134 3648 illi
1145 3597 1206 3648 bene
1223 3613 1270 3648 au-

241 3683 255 3717 a
278 3667 406 3727 Cicerone,
418 3667 457 3718 An
474 3663 730 3734 poffitlrenestatecan-
778 3664 873 3716 diendi.
1031 3709 1034 3713 .
1272 3687 1280 3700 x

233 3735 348 3806 fimeta
371 3752 402 3786 ea
416 3737 525 3804 firadere
547 3734 648 3803 cesari,
678 3752 730 3802 quae
814 3737 860 3799 46.
879 3733 986 3788 Ciceroni
1004 3735 1133 3804 confilium]
1156 3733 1269 3792 ,Tradat

241 3805 379 3874 reipublice
390 3805 459 3875 cffem
469 3803 549 3865 utilia,
561 3801 616 3854 licet
632 3802 731 3854 inimica
779 3801 848 3856 illam
864 3803 1017 3858 declamandi
1033 3807 1158 3858 materiem
1179 3807 1269 3858 Seneca
1339 3837 1341 3842 ·

240 3872 283 3943 ipfi
292 3873 409 3940 cerrsrlium
425 3873 524 3943 roganti
536 3872 628 3942 Gesari
639 3872 655 3926 Ρ
674 3875 731 3924 Hoc
781 3875 892 3926 Suasoris
903 3877 927 3928 6.
941 3875 987 3927 ubi
999 3873 1220 3936 deliberarem,
1232 3893 1269 3927 an

241 3945 319 4012 posito
333 3942 419 3996 facilia
439 3945 494 3996 sunt
509 3943 609 3995 omnia:
628 3941 743 4012 etfragae
781 3943 909 3996 Antonium
927 3945 1085 4013 deprecetur3
1114 3955 1139 3994 et
1159 3947 1184 3996 in
1208 3943 1268 4014 fine,

241 4023 353 4064 mentum
363 4013 409 4065 hoe
421 4015 457 4065 ita
464 4013 608 4072 sumserunt,
621 4011 647 4064 b.
657 4029 680 4064 e.
694 4025 734 4064 tc·
782 4013 871 4076 Solent,
892 4016 986 4083 inquit,
995 4012 1129 4084 scholastici
1145 4011 1269 4066 declama·

242 4090 297 4132 tum
317 4083 432 4136 Ciceroni
448 4084 589 4137 tribuerunt
608 4083 734 4136 Patricius
782 4092 845 4136 tores
857 4092 959 4153 ponerer
984 4082 1112 4135 Deliberat
1129 4083 1220 4143 Cicera,
1232 4101 1268 4136 an

241 4160 267 4202 et
278 4151 404 4220 Sigonius.
485 4185 489 4198 -
721 4167 723 4174 ’
775 4151 929 4224 promittente
932 4152 1038 4223 scelutem
1055 4152 1166 4213 Antonio,
1176 4153 1270 4206 uratia.

275 4236 321 4288 45.
348 4220 389 4286 laic
410 4219 457 4273 arel
477 4219 595 4286 ambitus]
620 4217 743 4272 Ambitur·
780 4223 1026 4292 aesflcascomlrurat.
1040 4223 1115 4290 idque
1123 4221 1202 4292 ipsum
1210 4239 1268 4292 pro,

241 4305 288 4360 pro
310 4289 445 4346 unbitieue
467 4293 498 4344 et'
513 4290 600 4363 gloria
623 4290 732 4362 quodam
780 4295 854 4346 ximae
868 4291 979 4348 suatbriae
993 4303 1167 4364 argumentum
1179 4289 1252 4352 facit.

833 4379 890 4452 ⁰3
