<?xml version="1.0" encoding="UTF-8"?>
<!DOCTYPE html PUBLIC "-//W3C//DTD XHTML 1.0 Transitional//EN"
    "http://www.w3.org/TR/xhtml1/DTD/xhtml1-transitional.dtd">
<html xmlns="http://www.w3.org/1999/xhtml" xml:lang="en" lang="en">
 <head>
  <title>
</title>
<meta http-equiv="Content-Type" content="text/html;charset=utf-8" />
  <meta name='ocr-system' content='tesseract 3.04.00' />
  <meta name='ocr-capabilities' content='ocr_page ocr_carea ocr_par ocr_line ocrx_word'/>
</head>
<body>
  <div class='ocr_page' id='page_1' title='image "./mfabiiquinctili00quingoog_0128.png"; bbox 0 0 3022 4920; ppageno 0'>
   <div class='ocr_carea' id='block_1_1' title="bbox 253 384 1044 490">
    <p class='ocr_par' dir='ltr' id='par_1_1' title="bbox 253 384 1044 490">
     <span class='ocr_line' id='line_1_1' title="bbox 253 384 1044 490; baseline -0.004 -43"><span class='ocrx_word' id='word_1_1' title='bbox 253 397 292 466; x_wconf 79' lang='lat'>74</span> <span class='ocrx_word' id='word_1_2' title='bbox 481 385 527 490; x_wconf 77' lang='lat' dir='ltr'>sr.</span> <span class='ocrx_word' id='word_1_3' title='bbox 549 385 674 446; x_wconf 76' lang='lat' dir='ltr'>rann</span> <span class='ocrx_word' id='word_1_4' title='bbox 695 384 1044 446; x_wconf 77' lang='lat' dir='ltr'>ourucrrnraur</span> 
     </span>
    </p>
   </div>
   <div class='ocr_carea' id='block_1_2' title="bbox 189 545 1330 1309">
    <p class='ocr_par' dir='ltr' id='par_1_2' title="bbox 189 545 1274 698">
     <span class='ocr_line' id='line_1_2' title="bbox 189 545 1274 698; baseline 0 -86"><span class='ocrx_word' id='word_1_5' title='bbox 189 547 193 558; x_wconf 89' lang='lat'>&#39;</span> <span class='ocrx_word' id='word_1_6' title='bbox 248 547 338 698; x_wconf 58' lang='lat' dir='ltr'>puori</span> <span class='ocrx_word' id='word_1_7' title='bbox 352 548 383 614; x_wconf 90' lang='lat' dir='ltr'>se</span> <span class='ocrx_word' id='word_1_8' title='bbox 397 547 507 614; x_wconf 84' lang='lat' dir='ltr'>eadem</span> <span class='ocrx_word' id='word_1_9' title='bbox 529 550 708 636; x_wconf 81' lang='lat' dir='ltr'>geometria</span> <span class='ocrx_word' id='word_1_10' title='bbox 730 549 817 616; x_wconf 90' lang='lat' dir='ltr'>tollit</span> <span class='ocrx_word' id='word_1_11' title='bbox 836 549 877 614; x_wconf 88' lang='lat' dir='ltr'>ad</span> <span class='ocrx_word' id='word_1_12' title='bbox 890 547 1045 614; x_wconf 87' lang='lat' dir='ltr'>rationem</span> <span class='ocrx_word' id='word_1_13' title='bbox 1063 545 1164 634; x_wconf 82' lang='lat' dir='ltr'>usquc</span> <span class='ocrx_word' id='word_1_14' title='bbox 1176 566 1274 612; x_wconf 76' lang='lat' dir='ltr'>mun·</span> 
     </span>
    </p>

    <p class='ocr_par' dir='ltr' id='par_1_3' title="bbox 249 633 1330 1309">
     <span class='ocr_line' id='line_1_3' title="bbox 274 633 1278 721; baseline -0.006 -23"><span class='ocrx_word' id='word_1_15' title='bbox 274 637 283 698; x_wconf 93' lang='lat' dir='ltr'>i</span> <span class='ocrx_word' id='word_1_16' title='bbox 298 637 308 698; x_wconf 87' lang='lat' dir='ltr'>l</span> <span class='ocrx_word' id='word_1_17' title='bbox 333 634 365 698; x_wconf 91' lang='lat' dir='ltr'>in</span> <span class='ocrx_word' id='word_1_18' title='bbox 381 657 455 721; x_wconf 90' lang='lat' dir='ltr'>qua,</span> <span class='ocrx_word' id='word_1_19' title='bbox 471 657 544 698; x_wconf 90' lang='lat' dir='ltr'>oum</span> <span class='ocrx_word' id='word_1_20' title='bbox 560 635 693 698; x_wconf 85' lang='lat' dir='ltr'>srderum</span> <span class='ocrx_word' id='word_1_21' title='bbox 710 649 812 700; x_wconf 82' lang='lat' dir='ltr'>certos</span> <span class='ocrx_word' id='word_1_22' title='bbox 826 635 1073 720; x_wconf 83' lang='lat' dir='ltr'>constitutosque</span> <span class='ocrx_word' id='word_1_23' title='bbox 1087 633 1193 698; x_wconf 86' lang='lat' dir='ltr'>cursus</span> <span class='ocrx_word' id='word_1_24' title='bbox 1211 655 1278 697; x_wconf 86' lang='lat' dir='ltr'>nn-.</span> 
     </span>
     <span class='ocr_line' id='line_1_4' title="bbox 249 717 1273 804; baseline -0.005 -18"><span class='ocrx_word' id='word_1_25' title='bbox 249 720 345 786; x_wconf 86' lang='lat' dir='ltr'>rueris</span> <span class='ocrx_word' id='word_1_26' title='bbox 360 719 467 798; x_wconf 92' lang='lat' dir='ltr'>docet,</span> <span class='ocrx_word' id='word_1_27' title='bbox 483 719 634 786; x_wconf 84' lang='lat' dir='ltr'>discimus</span> <span class='ocrx_word' id='word_1_28' title='bbox 648 721 727 786; x_wconf 91' lang='lat' dir='ltr'>nihil</span> <span class='ocrx_word' id='word_1_29' title='bbox 742 721 802 786; x_wconf 88' lang='lat' dir='ltr'>esse</span> <span class='ocrx_word' id='word_1_30' title='bbox 816 720 1031 786; x_wconf 86' lang='lat' dir='ltr'>inordinatum</span> <span class='ocrx_word' id='word_1_31' title='bbox 1045 731 1142 804; x_wconf 85' lang='lat' dir='ltr'>atque</span> <span class='ocrx_word' id='word_1_32' title='bbox 1157 717 1273 784; x_wconf 87' lang='lat' dir='ltr'>fortui-</span> 
     </span>
     <span class='ocr_line' id='line_1_5' title="bbox 249 803 1274 892; baseline -0.008 -18"><span class='ocrx_word' id='word_1_33' title='bbox 249 817 342 874; x_wconf 77' lang='lat' dir='ltr'>tum:</span> <span class='ocrx_word' id='word_1_34' title='bbox 370 805 457 892; x_wconf 91' lang='lat' dir='ltr'>quod</span> <span class='ocrx_word' id='word_1_35' title='bbox 481 804 581 890; x_wconf 89' lang='lat' dir='ltr'>ipsum</span> <span class='ocrx_word' id='word_1_36' title='bbox 608 827 848 892; x_wconf 80' lang='lat' dir='ltr'><strong>nonnumquam</strong></span> <span class='ocrx_word' id='word_1_37' title='bbox 873 805 1028 892; x_wconf 87' lang='lat' dir='ltr'>pertinere</span> <span class='ocrx_word' id='word_1_38' title='bbox 1054 803 1274 868; x_wconf 87' lang='lat' dir='ltr'>adoratorem</span> 
     </span>
     <span class='ocr_line' id='line_1_6' title="bbox 250 888 1330 978; baseline -0.005 -22"><span class='ocrx_word' id='word_1_39' title='bbox 250 893 360 978; x_wconf 83' lang='lat' dir='ltr'>potest.</span> <span class='ocrx_word' id='word_1_40' title='bbox 406 893 458 952; x_wconf 89' lang='lat' dir='ltr'>An</span> <span class='ocrx_word' id='word_1_41' title='bbox 475 912 550 956; x_wconf 90' lang='lat' dir='ltr'>vero</span> <span class='ocrx_word' id='word_1_42' title='bbox 563 913 637 956; x_wconf 91' lang='lat' dir='ltr'>curn</span> <span class='ocrx_word' id='word_1_43' title='bbox 654 892 787 956; x_wconf 88' lang='lat' dir='ltr'>Pericles</span> <span class='ocrx_word' id='word_1_44' title='bbox 802 890 1011 956; x_wconf 80' lang='lat' dir='ltr'>Athenienses</span> <span class='ocrx_word' id='word_1_45' title='bbox 1028 888 1111 954; x_wconf 87' lang='lat' dir='ltr'>Solis</span> <span class='ocrx_word' id='word_1_46' title='bbox 1126 889 1274 953; x_wconf 89' lang='lat' dir='ltr'>obscura·</span> <span class='ocrx_word' id='word_1_47' title='bbox 1286 898 1330 968; x_wconf 87' lang='lat'>47</span> 
     </span>
     <span class='ocr_line' id='line_1_7' title="bbox 249 974 1276 1056; baseline -0.004 -14"><span class='ocrx_word' id='word_1_48' title='bbox 249 977 337 1042; x_wconf 85' lang='lat' dir='ltr'>tione</span> <span class='ocrx_word' id='word_1_49' title='bbox 352 976 491 1054; x_wconf 90' lang='lat' dir='ltr'>territos,</span> <span class='ocrx_word' id='word_1_50' title='bbox 505 976 638 1040; x_wconf 82' lang='lat' dir='ltr'>redditis</span> <span class='ocrx_word' id='word_1_51' title='bbox 652 977 719 1042; x_wconf 86' lang='lat' dir='ltr'>e&#39;us</span> <span class='ocrx_word' id='word_1_52' title='bbox 734 977 779 1040; x_wconf 91' lang='lat' dir='ltr'>rei</span> <span class='ocrx_word' id='word_1_53' title='bbox 793 977 916 1056; x_wconf 73' lang='lat' dir='ltr'>caussa,</span> <span class='ocrx_word' id='word_1_54' title='bbox 932 988 1022 1040; x_wconf 87' lang='lat' dir='ltr'>metu</span> <span class='ocrx_word' id='word_1_55' title='bbox 1037 974 1201 1038; x_wconf 84' lang='lat' dir='ltr'>liberavit:</span> <span class='ocrx_word' id='word_1_56' title='bbox 1220 987 1276 1038; x_wconf 91' lang='lat' dir='ltr'>aut</span> 
     </span>
     <span class='ocr_line' id='line_1_8' title="bbox 249 1058 1277 1146; baseline -0.003 -21"><span class='ocrx_word' id='word_1_57' title='bbox 249 1084 325 1126; x_wconf 84' lang='lat' dir='ltr'>cunr</span> <span class='ocrx_word' id='word_1_58' title='bbox 348 1061 508 1146; x_wconf 82' lang='lat' dir='ltr'>Sulpicius</span> <span class='ocrx_word' id='word_1_59' title='bbox 530 1061 584 1124; x_wconf 91' lang='lat' dir='ltr'>ille</span> <span class='ocrx_word' id='word_1_60' title='bbox 602 1061 661 1126; x_wconf 88' lang='lat' dir='ltr'>Gal</span> <span class='ocrx_word' id='word_1_61' title='bbox 678 1084 714 1126; x_wconf 88' lang='lat' dir='ltr'>us</span> <span class='ocrx_word' id='word_1_62' title='bbox 735 1061 923 1126; x_wconf 80' lang='lat' dir='ltr'>inexercitu</span> <span class='ocrx_word' id='word_1_63' title='bbox 943 1063 983 1125; x_wconf 89' lang='lat' dir='ltr'>L.</span> <span class='ocrx_word' id='word_1_64' title='bbox 1002 1059 1101 1124; x_wconf 83' lang='lat' dir='ltr'>Paulli</span> <span class='ocrx_word' id='word_1_65' title='bbox 1120 1058 1161 1124; x_wconf 86' lang='lat' dir='ltr'>de</span> <span class='ocrx_word' id='word_1_66' title='bbox 1175 1061 1277 1124; x_wconf 84' lang='lat' dir='ltr'>Lunae</span> 
     </span>
     <span class='ocr_line' id='line_1_9' title="bbox 250 1143 1275 1234; baseline -0.002 -24"><span class='ocrx_word' id='word_1_67' title='bbox 250 1145 429 1212; x_wconf 73' lang='lat' dir='ltr'>defeuione</span> <span class='ocrx_word' id='word_1_68' title='bbox 443 1145 593 1222; x_wconf 82' lang='lat' dir='ltr'>disseruit,</span> <span class='ocrx_word' id='word_1_69' title='bbox 607 1169 649 1212; x_wconf 90' lang='lat' dir='ltr'>ne</span> <span class='ocrx_word' id='word_1_70' title='bbox 664 1146 920 1234; x_wconf 85' lang='lat' dir='ltr'>velutprodigio</span> <span class='ocrx_word' id='word_1_71' title='bbox 935 1145 1089 1211; x_wconf 87' lang='lat' dir='ltr'>divinitus</span> <span class='ocrx_word' id='word_1_72' title='bbox 1108 1143 1194 1210; x_wconf 76' lang='lat' dir='ltr'>fadto</span> <span class='ocrx_word' id='word_1_73' title='bbox 1210 1145 1275 1208; x_wconf 89' lang='lat' dir='ltr'>rni-</span> 
     </span>
     <span class='ocr_line' id='line_1_10' title="bbox 251 1229 1276 1309; baseline -0.004 -11"><span class='ocrx_word' id='word_1_74' title='bbox 251 1233 346 1298; x_wconf 92' lang='lat' dir='ltr'>litum</span> <span class='ocrx_word' id='word_1_75' title='bbox 362 1231 459 1296; x_wconf 86' lang='lat' dir='ltr'>animi</span> <span class='ocrx_word' id='word_1_76' title='bbox 474 1246 676 1309; x_wconf 86' lang='lat' dir='ltr'>terrerentur,</span> <span class='ocrx_word' id='word_1_77' title='bbox 694 1255 756 1296; x_wconf 87' lang='lat' dir='ltr'>non</span> <span class='ocrx_word' id='word_1_78' title='bbox 773 1230 971 1298; x_wconf 85' lang='lat' dir='ltr'>videturesse</span> <span class='ocrx_word' id='word_1_79' title='bbox 990 1229 1063 1294; x_wconf 84' lang='lat' dir='ltr'>usus</span> <span class='ocrx_word' id='word_1_80' title='bbox 1077 1230 1211 1294; x_wconf 85' lang='lat' dir='ltr'>oratoris</span> <span class='ocrx_word' id='word_1_81' title='bbox 1225 1229 1276 1294; x_wconf 86' lang='lat' dir='ltr'>os-</span> 
     </span>
    </p>
   </div>
   <div class='ocr_carea' id='block_1_3' title="bbox 148 1310 1332 1396">
    <p class='ocr_par' dir='ltr' id='par_1_4' title="bbox 148 1310 1332 1396">
     <span class='ocr_line' id='line_1_11' title="bbox 148 1310 1332 1396; baseline -0.007 -12"><span class='ocrx_word' id='word_1_82' title='bbox 148 1373 156 1384; x_wconf 74' lang='grc'><strong>.</strong></span> <span class='ocrx_word' id='word_1_83' title='bbox 252 1317 348 1382; x_wconf 85' lang='lat' dir='ltr'>licio?</span> <span class='ocrx_word' id='word_1_84' title='bbox 397 1315 656 1382; x_wconf 74' lang='lat' dir='ltr'>erdericias</span> <span class='ocrx_word' id='word_1_85' title='bbox 679 1317 713 1380; x_wconf 90' lang='lat' dir='ltr'>in</span> <span class='ocrx_word' id='word_1_86' title='bbox 729 1317 837 1382; x_wconf 88' lang='lat' dir='ltr'>Sicilia</span> <span class='ocrx_word' id='word_1_87' title='bbox 856 1315 966 1396; x_wconf 77' lang='lat' dir='ltr'>scisset,</span> <span class='ocrx_word' id='word_1_88' title='bbox 982 1338 1045 1380; x_wconf 89' lang='lat' dir='ltr'>non</span> <span class='ocrx_word' id='word_1_89' title='bbox 1067 1315 1180 1382; x_wconf 90' lang='lat' dir='ltr'>eodem</span> <span class='ocrx_word' id='word_1_90' title='bbox 1195 1337 1275 1380; x_wconf 89' lang='lat' dir='ltr'>con-</span> <span class='ocrx_word' id='word_1_91' title='bbox 1288 1310 1332 1394; x_wconf 81' lang='lat'>48</span> 
     </span>
    </p>
   </div>
   <div class='ocr_carea' id='block_1_4' title="bbox 247 1399 1334 2258">
    <p class='ocr_par' dir='ltr' id='par_1_5' title="bbox 247 1399 1334 2258">
     <span class='ocr_line' id='line_1_12' title="bbox 251 1399 1277 1490; baseline -0.003 -23"><span class='ocrx_word' id='word_1_92' title='bbox 251 1401 337 1490; x_wconf 81' lang='lat' dir='ltr'>susus</span> <span class='ocrx_word' id='word_1_93' title='bbox 352 1417 440 1466; x_wconf 88' lang='lat' dir='ltr'>metu</span> <span class='ocrx_word' id='word_1_94' title='bbox 455 1400 703 1486; x_wconf 87' lang='lat' dir='ltr'>pulcherrimum</span> <span class='ocrx_word' id='word_1_95' title='bbox 719 1401 960 1468; x_wconf 78' lang='lat' dir='ltr'>Atheniensium</span> <span class='ocrx_word' id='word_1_96' title='bbox 981 1400 1155 1466; x_wconf 88' lang='lat' dir='ltr'>exercitum</span> <span class='ocrx_word' id='word_1_97' title='bbox 1170 1399 1277 1486; x_wconf 90' lang='lat' dir='ltr'>perdi·</span> 
     </span>
     <span class='ocr_line' id='line_1_13' title="bbox 251 1487 1277 1574; baseline -0.002 -22"><span class='ocrx_word' id='word_1_98' title='bbox 251 1487 381 1552; x_wconf 74' lang='lat' dir='ltr'>disset‘:</span> <span class='ocrx_word' id='word_1_99' title='bbox 406 1488 483 1550; x_wconf 86' lang='lat' dir='ltr'>ficut</span> <span class='ocrx_word' id='word_1_100' title='bbox 497 1487 597 1566; x_wconf 91' lang='lat' dir='ltr'>Dion,</span> <span class='ocrx_word' id='word_1_101' title='bbox 613 1511 687 1552; x_wconf 91' lang='lat' dir='ltr'>cum</span> <span class='ocrx_word' id='word_1_102' title='bbox 710 1489 750 1554; x_wconf 85' lang='lat' dir='ltr'>ad</span> <span class='ocrx_word' id='word_1_103' title='bbox 768 1487 987 1554; x_wconf 80' lang='lat' dir='ltr'>destruendam</span> <span class='ocrx_word' id='word_1_104' title='bbox 1007 1487 1153 1573; x_wconf 76' lang='lat' dir='ltr'>Dionysii</span> <span class='ocrx_word' id='word_1_105' title='bbox 1167 1502 1277 1574; x_wconf 86' lang='lat' dir='ltr'>tyran-</span> 
     </span>
     <span class='ocr_line' id='line_1_14' title="bbox 253 1571 1279 1654; baseline -0.004 -16"><span class='ocrx_word' id='word_1_106' title='bbox 253 1571 360 1638; x_wconf 83' lang='lat' dir='ltr'>nidem</span> <span class='ocrx_word' id='word_1_107' title='bbox 377 1573 476 1650; x_wconf 90' lang='lat' dir='ltr'>venit,</span> <span class='ocrx_word' id='word_1_108' title='bbox 492 1593 557 1638; x_wconf 87' lang='lat' dir='ltr'>noo</span> <span class='ocrx_word' id='word_1_109' title='bbox 578 1573 620 1636; x_wconf 83' lang='lat' dir='ltr'>est</span> <span class='ocrx_word' id='word_1_110' title='bbox 642 1572 699 1638; x_wconf 84' lang='lat' dir='ltr'>tali</span> <span class='ocrx_word' id='word_1_111' title='bbox 713 1572 786 1641; x_wconf 82' lang='lat' dir='ltr'>casu</span> <span class='ocrx_word' id='word_1_112' title='bbox 807 1572 987 1640; x_wconf 86' lang='lat' dir='ltr'>deterritus.</span> <span class='ocrx_word' id='word_1_113' title='bbox 1030 1573 1103 1636; x_wconf 85' lang='lat' dir='ltr'>Sint</span> <span class='ocrx_word' id='word_1_114' title='bbox 1116 1571 1279 1654; x_wconf 73' lang='lat' dir='ltr'>exemplar</span> 
     </span>
     <span class='ocr_line' id='line_1_15' title="bbox 251 1657 1280 1745; baseline -0.003 -22"><span class='ocrx_word' id='word_1_115' title='bbox 251 1659 329 1724; x_wconf 91' lang='lat' dir='ltr'>licet</span> <span class='ocrx_word' id='word_1_116' title='bbox 343 1657 415 1722; x_wconf 91' lang='lat' dir='ltr'>usus</span> <span class='ocrx_word' id='word_1_117' title='bbox 438 1657 557 1742; x_wconf 84' lang='lat' dir='ltr'>bellici,</span> <span class='ocrx_word' id='word_1_118' title='bbox 576 1659 840 1744; x_wconf 79' lang='lat' dir='ltr'>transeamusque,</span> <span class='ocrx_word' id='word_1_119' title='bbox 856 1659 943 1745; x_wconf 93' lang='lat' dir='ltr'>quod</span> <span class='ocrx_word' id='word_1_120' title='bbox 964 1657 1175 1722; x_wconf 86' lang='lat' dir='ltr'>Archimedes</span> <span class='ocrx_word' id='word_1_121' title='bbox 1196 1679 1280 1721; x_wconf 88' lang='lat' dir='ltr'>unus</span> 
     </span>
     <span class='ocr_line' id='line_1_16' title="bbox 254 1741 1334 1831; baseline -0.001 -24"><span class='ocrx_word' id='word_1_122' title='bbox 254 1743 449 1823; x_wconf 77' lang='lat' dir='ltr'>obsidionem</span> <span class='ocrx_word' id='word_1_123' title='bbox 466 1742 687 1831; x_wconf 86' lang='lat' dir='ltr'>Syracusarum</span> <span class='ocrx_word' id='word_1_124' title='bbox 709 1745 743 1808; x_wconf 90' lang='lat' dir='ltr'>in</span> <span class='ocrx_word' id='word_1_125' title='bbox 757 1745 886 1830; x_wconf 85' lang='lat' dir='ltr'>longius</span> <span class='ocrx_word' id='word_1_126' title='bbox 908 1745 1042 1808; x_wconf 66' lang='lat' dir='ltr'>eaxttb:</span> <span class='ocrx_word' id='word_1_127' title='bbox 1067 1741 1148 1806; x_wconf 91' lang='lat' dir='ltr'>illud</span> <span class='ocrx_word' id='word_1_128' title='bbox 1168 1743 1279 1830; x_wconf 90' lang='lat' dir='ltr'>utique</span> <span class='ocrx_word' id='word_1_129' title='bbox 1291 1757 1334 1824; x_wconf 85' lang='grc'>49</span> 
     </span>
     <span class='ocr_line' id='line_1_17' title="bbox 247 1827 1279 1924; baseline -0.003 -30"><span class='ocrx_word' id='word_1_130' title='bbox 247 1829 318 1918; x_wconf 86' lang='lat' dir='ltr'>jam</span> <span class='ocrx_word' id='word_1_131' title='bbox 333 1827 493 1914; x_wconf 88' lang='lat' dir='ltr'>proprium</span> <span class='ocrx_word' id='word_1_132' title='bbox 513 1829 555 1892; x_wconf 84' lang='lat' dir='ltr'>est</span> <span class='ocrx_word' id='word_1_133' title='bbox 577 1830 617 1894; x_wconf 90' lang='lat' dir='ltr'>ad</span> <span class='ocrx_word' id='word_1_134' title='bbox 631 1828 830 1896; x_wconf 89' lang='lat' dir='ltr'>efficiendum</span> <span class='ocrx_word' id='word_1_135' title='bbox 846 1829 935 1916; x_wconf 92' lang='lat' dir='ltr'>quod</span> <span class='ocrx_word' id='word_1_136' title='bbox 954 1827 1164 1908; x_wconf 85' lang='lat' dir='ltr'>intendimus,</span> <span class='ocrx_word' id='word_1_137' title='bbox 1178 1828 1279 1924; x_wconf 84' lang='lat' dir='ltr'>pluri-</span> 
     </span>
     <span class='ocr_line' id='line_1_18' title="bbox 253 1911 1281 2001; baseline -0.006 -21"><span class='ocrx_word' id='word_1_138' title='bbox 253 1937 323 1980; x_wconf 83' lang='lat' dir='ltr'>mas</span> <span class='ocrx_word' id='word_1_139' title='bbox 337 1911 536 2001; x_wconf 79' lang='lat' dir='ltr'>quaestiones,</span> <span class='ocrx_word' id='word_1_140' title='bbox 549 1915 697 1998; x_wconf 74' lang='lat' dir='ltr'>quarum¹</span> <span class='ocrx_word' id='word_1_141' title='bbox 712 1915 870 1980; x_wconf 87' lang='lat' dir='ltr'>difficilior</span> <span class='ocrx_word' id='word_1_142' title='bbox 890 1915 954 1978; x_wconf 87' lang='lat' dir='ltr'>alia</span> <span class='ocrx_word' id='word_1_143' title='bbox 973 1913 1095 1978; x_wconf 86' lang='lat' dir='ltr'>ratione</span> <span class='ocrx_word' id='word_1_144' title='bbox 1109 1912 1281 1997; x_wconf 86' lang='lat' dir='ltr'>explrcatio</span> 
     </span>
     <span class='ocr_line' id='line_1_19' title="bbox 254 1989 1281 2079; baseline -0.004 -15"><span class='ocrx_word' id='word_1_145' title='bbox 254 2001 309 2078; x_wconf 85' lang='lat' dir='ltr'>est,</span> <span class='ocrx_word' id='word_1_146' title='bbox 326 2014 363 2063; x_wconf 90' lang='lat' dir='ltr'>ut</span> <span class='ocrx_word' id='word_1_147' title='bbox 384 1997 424 2062; x_wconf 89' lang='lat' dir='ltr'>de</span> <span class='ocrx_word' id='word_1_148' title='bbox 445 1997 567 2062; x_wconf 89' lang='lat' dir='ltr'>ratione</span> <span class='ocrx_word' id='word_1_149' title='bbox 586 1999 760 2079; x_wconf 88' lang='lat' dir='ltr'>dividendi,</span> <span class='ocrx_word' id='word_1_150' title='bbox 774 2001 816 2064; x_wconf 92' lang='lat' dir='ltr'>de</span> <span class='ocrx_word' id='word_1_151' title='bbox 837 1999 972 2064; x_wconf 78' lang='lat' dir='ltr'>sedlione</span> <span class='ocrx_word' id='word_1_152' title='bbox 994 1997 1028 2060; x_wconf 89' lang='lat' dir='ltr'>in</span> <span class='ocrx_word' id='word_1_153' title='bbox 1049 1989 1222 2074; x_wconf 78' lang='lat' dir='ltr'>insriitum,</span> <span class='ocrx_word' id='word_1_154' title='bbox 1239 1997 1281 2060; x_wconf 87' lang='lat' dir='ltr'>de</span> 
     </span>
     <span class='ocr_line' id='line_1_20' title="bbox 256 2079 1279 2171; baseline -0.004 -23"><span class='ocrx_word' id='word_1_155' title='bbox 256 2085 417 2150; x_wconf 85' lang='lat' dir='ltr'>celeritate</span> <span class='ocrx_word' id='word_1_156' title='bbox 430 2105 470 2146; x_wconf 90' lang='lat' dir='ltr'>au</span> <span class='ocrx_word' id='word_1_157' title='bbox 496 2082 569 2146; x_wconf 91' lang='lat' dir='ltr'>endi</span> <span class='ocrx_word' id='word_1_158' title='bbox 580 2085 600 2162; x_wconf 86' lang='lat'>¹,</span> <span class='ocrx_word' id='word_1_159' title='bbox 615 2083 786 2152; x_wconf 85' lang='lat' dir='ltr'>linearibus</span> <span class='ocrx_word' id='word_1_160' title='bbox 803 2086 867 2150; x_wconf 90' lang='lat' dir='ltr'>illis</span> <span class='ocrx_word' id='word_1_161' title='bbox 882 2081 1121 2171; x_wconf 83' lang='lat' dir='ltr'>probationibus</span> <span class='ocrx_word' id='word_1_162' title='bbox 1139 2079 1214 2144; x_wconf 93' lang='lat' dir='ltr'>solvi</span> <span class='ocrx_word' id='word_1_163' title='bbox 1230 2081 1279 2144; x_wconf 90' lang='lat' dir='ltr'>so-</span> 
     </span>
     <span class='ocr_line' id='line_1_21' title="bbox 255 2105 1279 2258; baseline -0.006 -22"><span class='ocrx_word' id='word_1_164' title='bbox 255 2167 343 2238; x_wconf 66' lang='lat' dir='ltr'>lere:</span> <span class='ocrx_word' id='word_1_165' title='bbox 367 2180 404 2234; x_wconf 87' lang='lat' dir='ltr'>ut</span> <span class='ocrx_word' id='word_1_166' title='bbox 418 2167 438 2232; x_wconf 88' lang='lat' dir='ltr'>fi</span> <span class='ocrx_word' id='word_1_167' title='bbox 454 2105 497 2230; x_wconf 54' lang='lat' dir='ltr'>es</span> <span class='ocrx_word' id='word_1_168' title='bbox 512 2168 628 2232; x_wconf 89' lang='lat' dir='ltr'>oratori</span> <span class='ocrx_word' id='word_1_169' title='bbox 645 2169 744 2254; x_wconf 75' lang='lat' dir='ltr'>(quod</span> <span class='ocrx_word' id='word_1_170' title='bbox 766 2171 931 2258; x_wconf 84' lang='lat' dir='ltr'>proximus</span> <span class='ocrx_word' id='word_1_171' title='bbox 945 2166 1171 2232; x_wconf 88' lang='lat' dir='ltr'>demonstrabit</span> <span class='ocrx_word' id='word_1_172' title='bbox 1184 2165 1279 2249; x_wconf 84' lang='lat' dir='ltr'>liber)</span> 
     </span>
    </p>
   </div>
   <div class='ocr_carea' id='block_1_5' title="bbox 255 2351 1283 2550">
    <p class='ocr_par' dir='ltr' id='par_1_6' title="bbox 255 2351 1283 2550">
     <span class='ocr_line' id='line_1_22' title="bbox 288 2351 1283 2420; baseline -0.003 -18"><span class='ocrx_word' id='word_1_173' title='bbox 288 2351 300 2385; x_wconf 65' lang='lat'><em>³</em></span> <span class='ocrx_word' id='word_1_174' title='bbox 316 2354 451 2416; x_wconf 79' lang='lat' dir='ltr'>prodidisset</span> <span class='ocrx_word' id='word_1_175' title='bbox 461 2353 535 2402; x_wconf 80' lang='lat' dir='ltr'><em>MSS.</em></span> <span class='ocrx_word' id='word_1_176' title='bbox 548 2354 638 2418; x_wconf 81' lang='lat' dir='ltr'>quidam</span> <span class='ocrx_word' id='word_1_177' title='bbox 647 2367 685 2419; x_wconf 79' lang='lat' dir='ltr'>ap.</span> <span class='ocrx_word' id='word_1_178' title='bbox 698 2357 776 2404; x_wconf 73' lang='lat' dir='ltr'>amm.</span> <span class='ocrx_word' id='word_1_179' title='bbox 788 2356 827 2420; x_wconf 81' lang='lat' dir='ltr'>qui</span> <span class='ocrx_word' id='word_1_180' title='bbox 837 2353 896 2402; x_wconf 79' lang='lat' dir='ltr'>illud</span> <span class='ocrx_word' id='word_1_181' title='bbox 908 2356 950 2402; x_wconf 76' lang='lat' dir='ltr'>hue</span> <span class='ocrx_word' id='word_1_182' title='bbox 960 2353 1070 2420; x_wconf 80' lang='lat' dir='ltr'>quadrare</span> <span class='ocrx_word' id='word_1_183' title='bbox 1081 2353 1149 2402; x_wconf 77' lang='lat' dir='ltr'>docet.</span> <span class='ocrx_word' id='word_1_184' title='bbox 1209 2357 1221 2388; x_wconf 79' lang='lat'>⁸</span> <span class='ocrx_word' id='word_1_185' title='bbox 1240 2365 1283 2400; x_wconf 84' lang='lat' dir='ltr'>ex-</span> 
     </span>
     <span class='ocr_line' id='line_1_23' title="bbox 255 2415 1283 2482; baseline -0.002 -14"><span class='ocrx_word' id='word_1_186' title='bbox 255 2427 292 2468; x_wconf 74' lang='lat' dir='ltr'>tra</span> <span class='ocrx_word' id='word_1_187' title='bbox 303 2420 333 2466; x_wconf 88' lang='lat' dir='ltr'>G.</span> <span class='ocrx_word' id='word_1_188' title='bbox 346 2431 368 2467; x_wconf 83' lang='lat' dir='ltr'>et</span> <span class='ocrx_word' id='word_1_189' title='bbox 373 2420 449 2480; x_wconf 79' lang='lat' dir='ltr'>plures</span> <span class='ocrx_word' id='word_1_190' title='bbox 459 2415 533 2468; x_wconf 81' lang='lat' dir='ltr'><em>MSS.</em></span> <span class='ocrx_word' id='word_1_191' title='bbox 542 2430 612 2468; x_wconf 80' lang='lat' dir='ltr'>orrum</span> <span class='ocrx_word' id='word_1_192' title='bbox 624 2439 651 2466; x_wconf 77' lang='lat' dir='ltr'>ex</span> <span class='ocrx_word' id='word_1_193' title='bbox 666 2421 785 2482; x_wconf 78' lang='lat' dir='ltr'>compendio</span> <span class='ocrx_word' id='word_1_194' title='bbox 796 2421 866 2479; x_wconf 78' lang='lat' dir='ltr'>uocis,</span> <span class='ocrx_word' id='word_1_195' title='bbox 874 2430 942 2481; x_wconf 80' lang='lat' dir='ltr'>putat</span> <span class='ocrx_word' id='word_1_196' title='bbox 953 2420 1043 2480; x_wconf 77' lang='lat' dir='ltr'>Regius.</span> <span class='ocrx_word' id='word_1_197' title='bbox 1124 2419 1136 2450; x_wconf 73' lang='lat'>¹¹</span> <span class='ocrx_word' id='word_1_198' title='bbox 1156 2419 1234 2466; x_wconf 79' lang='lat' dir='ltr'>tenuit</span> <span class='ocrx_word' id='word_1_199' title='bbox 1251 2419 1283 2466; x_wconf 82' lang='lat' dir='ltr'>G.</span> 
     </span>
     <span class='ocr_line' id='line_1_24' title="bbox 256 2481 999 2550; baseline 0 -18"><span class='ocrx_word' id='word_1_200' title='bbox 256 2481 272 2516; x_wconf 85' lang='lat'>¹&#39;</span> <span class='ocrx_word' id='word_1_201' title='bbox 282 2483 370 2546; x_wconf 88' lang='lat' dir='ltr'>quibus</span> <span class='ocrx_word' id='word_1_202' title='bbox 380 2486 413 2534; x_wconf 85' lang='lat' dir='ltr'>G.</span> <span class='ocrx_word' id='word_1_203' title='bbox 476 2485 482 2516; x_wconf 90' lang='lat'>¹</span> <span class='ocrx_word' id='word_1_204' title='bbox 501 2485 611 2548; x_wconf 74' lang='lat' dir='ltr'>augenda</span> <span class='ocrx_word' id='word_1_205' title='bbox 620 2485 682 2532; x_wconf 87' lang='lat' dir='ltr'>Voss.</span> <span class='ocrx_word' id='word_1_206' title='bbox 687 2493 726 2547; x_wconf 83' lang='lat' dir='ltr'>pr.</span> <span class='ocrx_word' id='word_1_207' title='bbox 729 2487 778 2550; x_wconf 82' lang='lat' dir='ltr'>sec.</span> <span class='ocrx_word' id='word_1_208' title='bbox 790 2486 857 2532; x_wconf 71' lang='lat' dir='ltr'>Bam.</span> <span class='ocrx_word' id='word_1_209' title='bbox 869 2495 906 2548; x_wconf 80' lang='lat' dir='ltr'>ap.</span> <span class='ocrx_word' id='word_1_210' title='bbox 919 2486 999 2532; x_wconf 78' lang='lat' dir='ltr'>aum.</span> 
     </span>
    </p>
   </div>
   <div class='ocr_carea' id='block_1_6' title="bbox 257 2624 1284 2699">
    <p class='ocr_par' dir='ltr' id='par_1_7' title="bbox 257 2624 1284 2699">
     <span class='ocr_line' id='line_1_25' title="bbox 257 2624 1284 2699; baseline -0.007 -15"><span class='ocrx_word' id='word_1_211' title='bbox 257 2630 352 2684; x_wconf 75' lang='lat' dir='ltr'>serata</span> <span class='ocrx_word' id='word_1_212' title='bbox 373 2628 464 2699; x_wconf 79' lang='lat' dir='ltr'>aequali</span> <span class='ocrx_word' id='word_1_213' title='bbox 486 2629 597 2682; x_wconf 84' lang='lat' dir='ltr'>omnium</span> <span class='ocrx_word' id='word_1_214' title='bbox 617 2628 669 2696; x_wconf 82' lang='lat' dir='ltr'>ejus</span> <span class='ocrx_word' id='word_1_215' title='bbox 688 2645 746 2698; x_wconf 83' lang='lat' dir='ltr'>par·</span> <span class='ocrx_word' id='word_1_216' title='bbox 795 2639 847 2688; x_wconf 82' lang='lat' dir='ltr'>tra,</span> <span class='ocrx_word' id='word_1_217' title='bbox 854 2627 923 2697; x_wconf 89' lang='lat' dir='ltr'>quod</span> <span class='ocrx_word' id='word_1_218' title='bbox 933 2625 1028 2679; x_wconf 84' lang='lat' dir='ltr'>obsedit</span> <span class='ocrx_word' id='word_1_219' title='bbox 1039 2626 1145 2688; x_wconf 84' lang='lat' dir='ltr'>codices,</span> <span class='ocrx_word' id='word_1_220' title='bbox 1152 2642 1201 2678; x_wconf 89' lang='lat' dir='ltr'>non</span> <span class='ocrx_word' id='word_1_221' title='bbox 1213 2624 1284 2695; x_wconf 87' lang='lat' dir='ltr'>plane</span> 
     </span>
    </p>
   </div>
   <div class='ocr_carea' id='block_1_7' title="bbox 168 2695 1285 2768">
    <p class='ocr_par' dir='ltr' id='par_1_8' title="bbox 168 2695 1285 2768">
     <span class='ocr_line' id='line_1_26' title="bbox 168 2695 1285 2768; baseline -0.003 -17"><span class='ocrx_word' id='word_1_222' title='bbox 168 2725 172 2730; x_wconf 93' lang='lat'>·</span> <span class='ocrx_word' id='word_1_223' title='bbox 257 2701 445 2752; x_wconf 87' lang='lat' dir='ltr'>tiumacentro</span> <span class='ocrx_word' id='word_1_224' title='bbox 453 2701 547 2752; x_wconf 86' lang='lat' dir='ltr'>telluris</span> <span class='ocrx_word' id='word_1_225' title='bbox 557 2699 680 2759; x_wconf 79' lang='lat' dir='ltr'>distantia,</span> <span class='ocrx_word' id='word_1_226' title='bbox 689 2715 747 2768; x_wconf 88' lang='lat' dir='ltr'>pro·</span> <span class='ocrx_word' id='word_1_227' title='bbox 795 2698 1001 2750; x_wconf 87' lang='lat' dir='ltr'>contemnendum</span> <span class='ocrx_word' id='word_1_228' title='bbox 1023 2697 1146 2757; x_wconf 80' lang='lat' dir='ltr'>dicamne,</span> <span class='ocrx_word' id='word_1_229' title='bbox 1164 2707 1188 2748; x_wconf 86' lang='lat' dir='ltr'>et</span> <span class='ocrx_word' id='word_1_230' title='bbox 1211 2695 1285 2748; x_wconf 86' lang='lat' dir='ltr'>latere</span> 
     </span>
    </p>
   </div>
   <div class='ocr_carea' id='block_1_8' title="bbox 249 2765 1374 3258">
    <p class='ocr_par' dir='ltr' id='par_1_9' title="bbox 257 2765 1374 3048">
     <span class='ocr_line' id='line_1_27' title="bbox 258 2765 1374 2838; baseline -0.004 -16"><span class='ocrx_word' id='word_1_231' title='bbox 258 2785 356 2826; x_wconf 79' lang='lat' dir='ltr'>currere</span> <span class='ocrx_word' id='word_1_232' title='bbox 367 2767 530 2838; x_wconf 71' lang='lat' dir='ltr'>intelligitur,</span> <span class='ocrx_word' id='word_1_233' title='bbox 543 2769 582 2820; x_wconf 88' lang='lat' dir='ltr'>vel</span> <span class='ocrx_word' id='word_1_234' title='bbox 593 2787 623 2820; x_wconf 86' lang='lat' dir='ltr'>ex</span> <span class='ocrx_word' id='word_1_235' title='bbox 634 2768 747 2837; x_wconf 84' lang='lat' dir='ltr'>triangn·</span> <span class='ocrx_word' id='word_1_236' title='bbox 796 2768 833 2818; x_wconf 89' lang='lat' dir='ltr'>ibi</span> <span class='ocrx_word' id='word_1_237' title='bbox 856 2765 985 2820; x_wconf 79' lang='lat' dir='ltr'>externa?</span> <span class='ocrx_word' id='word_1_238' title='bbox 1013 2767 1131 2820; x_wconf 87' lang='lat' dir='ltr'>Occurrit</span> <span class='ocrx_word' id='word_1_239' title='bbox 1152 2765 1285 2830; x_wconf 73' lang='lat' dir='ltr'>objectioni</span> <span class='ocrx_word' id='word_1_240' title='bbox 1368 2791 1374 2798; x_wconf 94' lang='lat'>·</span> 
     </span>
     <span class='ocr_line' id='line_1_28' title="bbox 257 2833 1285 2908; baseline -0.006 -17"><span class='ocrx_word' id='word_1_241' title='bbox 257 2833 305 2891; x_wconf 82' lang='lat' dir='ltr'>lari</span> <span class='ocrx_word' id='word_1_242' title='bbox 317 2841 420 2900; x_wconf 88' lang='lat' dir='ltr'>ratione,</span> <span class='ocrx_word' id='word_1_243' title='bbox 432 2856 488 2891; x_wconf 85' lang='lat' dir='ltr'>area</span> <span class='ocrx_word' id='word_1_244' title='bbox 504 2833 561 2890; x_wconf 87' lang='lat' dir='ltr'>talis</span> <span class='ocrx_word' id='word_1_245' title='bbox 575 2838 629 2908; x_wconf 84' lang='lat' dir='ltr'>agri</span> <span class='ocrx_word' id='word_1_246' title='bbox 647 2854 695 2888; x_wconf 90' lang='lat' dir='ltr'>non</span> <span class='ocrx_word' id='word_1_247' title='bbox 713 2855 747 2890; x_wconf 86' lang='lat' dir='ltr'>ae-</span> <span class='ocrx_word' id='word_1_248' title='bbox 796 2837 817 2888; x_wconf 86' lang='lat' dir='ltr'><strong>F</strong></span> <span class='ocrx_word' id='word_1_249' title='bbox 819 2835 955 2908; x_wconf 85' lang='lat' dir='ltr'>abins,esse</span> <span class='ocrx_word' id='word_1_250' title='bbox 972 2835 1138 2897; x_wconf 67' lang='lat' dir='ltr'>illucentem,</span> <span class='ocrx_word' id='word_1_251' title='bbox 1150 2835 1213 2888; x_wconf 87' lang='lat' dir='ltr'>nihil</span> <span class='ocrx_word' id='word_1_252' title='bbox 1229 2851 1285 2904; x_wconf 81' lang='lat' dir='ltr'>per·</span> 
     </span>
     <span class='ocr_line' id='line_1_29' title="bbox 257 2903 1286 2979; baseline -0.008 -17"><span class='ocrx_word' id='word_1_253' title='bbox 257 2909 379 2962; x_wconf 71' lang='lat' dir='ltr'>armanda</span> <span class='ocrx_word' id='word_1_254' title='bbox 396 2925 426 2960; x_wconf 84' lang='lat' dir='ltr'>ex</span> <span class='ocrx_word' id='word_1_255' title='bbox 442 2908 601 2979; x_wconf 83' lang='lat' dir='ltr'>hypotenusa,</span> <span class='ocrx_word' id='word_1_256' title='bbox 612 2914 698 2958; x_wconf 83' lang='lat' dir='ltr'>‘venun</span> <span class='ocrx_word' id='word_1_257' title='bbox 716 2924 748 2958; x_wconf 84' lang='lat' dir='ltr'>ex</span> <span class='ocrx_word' id='word_1_258' title='bbox 796 2907 872 2958; x_wconf 84' lang='lat' dir='ltr'>tinere</span> <span class='ocrx_word' id='word_1_259' title='bbox 879 2907 914 2957; x_wconf 86' lang='lat' dir='ltr'>ad</span> <span class='ocrx_word' id='word_1_260' title='bbox 931 2917 1063 2967; x_wconf 86' lang='lat' dir='ltr'>oratorem,</span> <span class='ocrx_word' id='word_1_261' title='bbox 1074 2905 1114 2958; x_wconf 88' lang='lat' dir='ltr'>sed</span> <span class='ocrx_word' id='word_1_262' title='bbox 1125 2903 1157 2956; x_wconf 87' lang='lat' dir='ltr'>ad</span> <span class='ocrx_word' id='word_1_263' title='bbox 1172 2922 1224 2956; x_wconf 88' lang='lat' dir='ltr'>rem</span> <span class='ocrx_word' id='word_1_264' title='bbox 1235 2905 1286 2955; x_wconf 85' lang='lat' dir='ltr'>mi·</span> 
     </span>
     <span class='ocr_line' id='line_1_30' title="bbox 260 2975 954 3048; baseline -0.007 -16"><span class='ocrx_word' id='word_1_265' title='bbox 260 2978 326 3032; x_wconf 79' lang='lat' dir='ltr'>basi:</span> <span class='ocrx_word' id='word_1_266' title='bbox 346 2997 402 3048; x_wconf 86' lang='lat' dir='ltr'>quae</span> <span class='ocrx_word' id='word_1_267' title='bbox 413 2995 471 3030; x_wconf 88' lang='lat' dir='ltr'>cum</span> <span class='ocrx_word' id='word_1_268' title='bbox 488 2996 517 3030; x_wconf 89' lang='lat' dir='ltr'>eo</span> <span class='ocrx_word' id='word_1_269' title='bbox 527 2977 555 3031; x_wconf 83' lang='lat' dir='ltr'>srt</span> <span class='ocrx_word' id='word_1_270' title='bbox 572 2976 653 3028; x_wconf 87' lang='lat' dir='ltr'>minor</span> <span class='ocrx_word' id='word_1_271' title='bbox 669 2977 748 3046; x_wconf 89' lang='lat' dir='ltr'>hypo·</span> <span class='ocrx_word' id='word_1_272' title='bbox 797 2975 892 3028; x_wconf 82' lang='lat' dir='ltr'>litarem</span> <span class='ocrx_word' id='word_1_273' title='bbox 905 2978 954 3028; x_wconf 74' lang='lat' dir='ltr'>&amp;c</span> 
     </span>
    </p>

    <p class='ocr_par' dir='ltr' id='par_1_10' title="bbox 249 3040 1342 3258">
     <span class='ocr_line' id='line_1_31' title="bbox 259 3040 1284 3116; baseline -0.007 -15"><span class='ocrx_word' id='word_1_274' title='bbox 259 3049 354 3110; x_wconf 86' lang='lat' dir='ltr'>tenusa,</span> <span class='ocrx_word' id='word_1_275' title='bbox 391 3065 424 3098; x_wconf 91' lang='lat' dir='ltr'>uo</span> <span class='ocrx_word' id='word_1_276' title='bbox 440 3046 510 3100; x_wconf 83' lang='lat' dir='ltr'>collis</span> <span class='ocrx_word' id='word_1_277' title='bbox 530 3047 563 3100; x_wconf 85' lang='lat' dir='ltr'>est</span> <span class='ocrx_word' id='word_1_278' title='bbox 580 3047 663 3108; x_wconf 87' lang='lat' dir='ltr'>altior,</span> <span class='ocrx_word' id='word_1_279' title='bbox 680 3056 749 3116; x_wconf 86' lang='lat' dir='ltr'>patet</span> <span class='ocrx_word' id='word_1_280' title='bbox 833 3051 878 3110; x_wconf 83' lang='lat'>48.</span> <span class='ocrx_word' id='word_1_281' title='bbox 897 3044 923 3097; x_wconf 85' lang='lat' dir='ltr'>in</span> <span class='ocrx_word' id='word_1_282' title='bbox 943 3043 1035 3113; x_wconf 76' lang='lat' dir='ltr'>langius</span> <span class='ocrx_word' id='word_1_283' title='bbox 1055 3041 1157 3106; x_wconf 77' lang='lat' dir='ltr'>traxit]</span> <span class='ocrx_word' id='word_1_284' title='bbox 1186 3040 1284 3094; x_wconf 84' lang='lat' dir='ltr'>Scimus</span> 
     </span>
     <span class='ocr_line' id='line_1_32' title="bbox 258 3065 1342 3188; baseline -0.006 -19"><span class='ocrx_word' id='word_1_285' title='bbox 258 3120 360 3188; x_wconf 78' lang='lat' dir='ltr'>egregie</span> <span class='ocrx_word' id='word_1_286' title='bbox 371 3065 424 3168; x_wconf 77' lang='lat' dir='ltr'>salli</span> <span class='ocrx_word' id='word_1_287' title='bbox 436 3117 499 3186; x_wconf 89' lang='lat' dir='ltr'>posse</span> <span class='ocrx_word' id='word_1_288' title='bbox 511 3115 653 3177; x_wconf 78' lang='lat' dir='ltr'>mensorem,</span> <span class='ocrx_word' id='word_1_289' title='bbox 662 3127 707 3166; x_wconf 88' lang='lat' dir='ltr'>ant</span> <span class='ocrx_word' id='word_1_290' title='bbox 718 3116 751 3166; x_wconf 79' lang='lat' dir='ltr'>li.</span> <span class='ocrx_word' id='word_1_291' title='bbox 798 3117 858 3186; x_wconf 91' lang='lat' dir='ltr'>qnid</span> <span class='ocrx_word' id='word_1_292' title='bbox 873 3115 902 3166; x_wconf 84' lang='lat' dir='ltr'>srt</span> <span class='ocrx_word' id='word_1_293' title='bbox 913 3113 1012 3166; x_wconf 80' lang='lat' dir='ltr'>trahere</span> <span class='ocrx_word' id='word_1_294' title='bbox 1022 3111 1117 3172; x_wconf 83' lang='lat' dir='ltr'>bellum,</span> <span class='ocrx_word' id='word_1_295' title='bbox 1129 3128 1172 3162; x_wconf 83' lang='lat' dir='ltr'>nec</span> <span class='ocrx_word' id='word_1_296' title='bbox 1183 3110 1285 3163; x_wconf 88' lang='lat' dir='ltr'>dubita·</span> <span class='ocrx_word' id='word_1_297' title='bbox 1338 3151 1342 3166; x_wconf 86' lang='grc'><em>,</em></span> 
     </span>
     <span class='ocr_line' id='line_1_33' title="bbox 249 3178 1284 3258; baseline -0.008 -18"><span class='ocrx_word' id='word_1_298' title='bbox 249 3189 393 3258; x_wconf 65' lang='grc' dir='ltr'>,ιὶςεῑοῑειῃ</span> <span class='ocrx_word' id='word_1_299' title='bbox 415 3187 492 3238; x_wconf 84' lang='lat' dir='ltr'>adeo:</span> <span class='ocrx_word' id='word_1_300' title='bbox 523 3204 581 3239; x_wconf 87' lang='lat' dir='ltr'>cum</span> <span class='ocrx_word' id='word_1_301' title='bbox 604 3185 694 3257; x_wconf 84' lang='lat' dir='ltr'>plantae</span> <span class='ocrx_word' id='word_1_302' title='bbox 717 3185 749 3237; x_wconf 87' lang='lat' dir='ltr'>ad</span> <span class='ocrx_word' id='word_1_303' title='bbox 797 3203 865 3246; x_wconf 88' lang='lat' dir='ltr'>mus,</span> <span class='ocrx_word' id='word_1_304' title='bbox 886 3185 993 3253; x_wconf 82' lang='lat' dir='ltr'>quinat</span> <span class='ocrx_word' id='word_1_305' title='bbox 1013 3178 1284 3250; x_wconf 69' lang='lat' dir='ltr'>trabiposfitolpsdio.</span> 
     </span>
    </p>
   </div>
   <div class='ocr_carea' id='block_1_9' title="bbox 259 3248 1505 3334">
    <p class='ocr_par' dir='ltr' id='par_1_11' title="bbox 259 3248 1505 3334">
     <span class='ocr_line' id='line_1_34' title="bbox 259 3248 1505 3334; baseline -0.012 -25"><span class='ocrx_word' id='word_1_306' title='bbox 259 3254 461 3327; x_wconf 86' lang='lat' dir='ltr'>perpendiculum</span> <span class='ocrx_word' id='word_1_307' title='bbox 479 3257 585 3308; x_wconf 86' lang='lat' dir='ltr'>crescant</span> <span class='ocrx_word' id='word_1_308' title='bbox 602 3273 651 3307; x_wconf 87' lang='lat' dir='ltr'>non</span> <span class='ocrx_word' id='word_1_309' title='bbox 671 3256 749 3325; x_wconf 88' lang='lat' dir='ltr'>hypo·</span> <span class='ocrx_word' id='word_1_310' title='bbox 798 3255 843 3305; x_wconf 78' lang='lat' dir='ltr'>Sed</span> <span class='ocrx_word' id='word_1_311' title='bbox 864 3255 946 3320; x_wconf 78' lang='lat' dir='ltr'>magis</span> <span class='ocrx_word' id='word_1_312' title='bbox 957 3249 1099 3322; x_wconf 84' lang='lat' dir='ltr'>placeret,sr</span> <span class='ocrx_word' id='word_1_313' title='bbox 1116 3251 1147 3309; x_wconf 87' lang='lat' dir='ltr'>is,</span> <span class='ocrx_word' id='word_1_314' title='bbox 1160 3249 1205 3317; x_wconf 88' lang='lat' dir='ltr'>qni</span> <span class='ocrx_word' id='word_1_315' title='bbox 1221 3248 1285 3302; x_wconf 82' lang='lat' dir='ltr'>obfi-</span> <span class='ocrx_word' id='word_1_316' title='bbox 1382 3282 1394 3295; x_wconf 79' lang='grc'><strong>.</strong></span> <span class='ocrx_word' id='word_1_317' title='bbox 1504 3327 1505 3334; x_wconf 14' lang='lat'>¹</span> 
     </span>
    </p>
   </div>
   <div class='ocr_carea' id='block_1_10' title="bbox 179 3317 1388 4300">
    <p class='ocr_par' dir='ltr' id='par_1_12' title="bbox 180 3317 1291 3674">
     <span class='ocr_line' id='line_1_35' title="bbox 260 3317 1285 3395; baseline -0.01 -15"><span class='ocrx_word' id='word_1_318' title='bbox 260 3327 361 3387; x_wconf 79' lang='lat' dir='ltr'>terrnsae,</span> <span class='ocrx_word' id='word_1_319' title='bbox 374 3326 413 3378; x_wconf 87' lang='lat' dir='ltr'>sed</span> <span class='ocrx_word' id='word_1_320' title='bbox 430 3324 523 3386; x_wconf 85' lang='lat' dir='ltr'>baseos,</span> <span class='ocrx_word' id='word_1_321' title='bbox 542 3325 750 3395; x_wconf 76' lang='lat' dir='ltr'>quenadmodum</span> <span class='ocrx_word' id='word_1_322' title='bbox 798 3324 839 3374; x_wconf 86' lang='lat' dir='ltr'>det</span> <span class='ocrx_word' id='word_1_323' title='bbox 852 3325 947 3382; x_wconf 89' lang='lat' dir='ltr'>urbem,</span> <span class='ocrx_word' id='word_1_324' title='bbox 958 3320 1057 3373; x_wconf 81' lang='lat' dir='ltr'>trahere</span> <span class='ocrx_word' id='word_1_325' title='bbox 1067 3317 1202 3386; x_wconf 68' lang='lat' dir='ltr'>alfidiarum</span> <span class='ocrx_word' id='word_1_326' title='bbox 1217 3317 1285 3370; x_wconf 76' lang='lat' dir='ltr'>dice-</span> 
     </span>
     <span class='ocr_line' id='line_1_36' title="bbox 260 3388 1285 3464; baseline -0.011 -15"><span class='ocrx_word' id='word_1_327' title='bbox 260 3396 370 3449; x_wconf 82' lang='lat' dir='ltr'>eoelesles</span> <span class='ocrx_word' id='word_1_328' title='bbox 387 3413 458 3464; x_wconf 85' lang='lat' dir='ltr'>aqnae</span> <span class='ocrx_word' id='word_1_329' title='bbox 476 3396 569 3446; x_wconf 80' lang='lat' dir='ltr'>cadunt</span> <span class='ocrx_word' id='word_1_330' title='bbox 588 3411 638 3446; x_wconf 90' lang='lat' dir='ltr'>non</span> <span class='ocrx_word' id='word_1_331' title='bbox 655 3411 700 3464; x_wconf 90' lang='lat' dir='ltr'>pro</span> <span class='ocrx_word' id='word_1_332' title='bbox 703 3393 752 3464; x_wconf 73' lang='lat' dir='ltr'>fili</span> <span class='ocrx_word' id='word_1_333' title='bbox 798 3405 873 3444; x_wconf 87' lang='lat' dir='ltr'>retur.</span> <span class='ocrx_word' id='word_1_334' title='bbox 911 3391 1059 3460; x_wconf 87' lang='lat' dir='ltr'>Itaqnenon</span> <span class='ocrx_word' id='word_1_335' title='bbox 1070 3389 1145 3440; x_wconf 85' lang='lat' dir='ltr'>ausrm</span> <span class='ocrx_word' id='word_1_336' title='bbox 1160 3388 1285 3448; x_wconf 85' lang='lat' dir='ltr'>damnare,</span> 
     </span>
     <span class='ocr_line' id='line_1_37' title="bbox 261 3455 1286 3530; baseline -0.011 -11"><span class='ocrx_word' id='word_1_337' title='bbox 261 3465 331 3519; x_wconf 88' lang='lat' dir='ltr'>illius</span> <span class='ocrx_word' id='word_1_338' title='bbox 350 3465 452 3516; x_wconf 88' lang='lat' dir='ltr'>declivis</span> <span class='ocrx_word' id='word_1_339' title='bbox 469 3466 572 3526; x_wconf 84' lang='lat' dir='ltr'>ratione,</span> <span class='ocrx_word' id='word_1_340' title='bbox 589 3465 629 3516; x_wconf 82' lang='lat' dir='ltr'>sed</span> <span class='ocrx_word' id='word_1_341' title='bbox 646 3462 709 3524; x_wconf 78' lang='lat' dir='ltr'>cali,</span> <span class='ocrx_word' id='word_1_342' title='bbox 723 3474 751 3514; x_wconf 89' lang='lat' dir='ltr'>nt</span> <span class='ocrx_word' id='word_1_343' title='bbox 798 3462 866 3530; x_wconf 87' lang='lat' dir='ltr'>quod</span> <span class='ocrx_word' id='word_1_344' title='bbox 885 3461 979 3512; x_wconf 88' lang='lat' dir='ltr'>Gothae</span> <span class='ocrx_word' id='word_1_345' title='bbox 1002 3459 1102 3528; x_wconf 82' lang='lat' dir='ltr'>legitur.</span> <span class='ocrx_word' id='word_1_346' title='bbox 1139 3455 1231 3510; x_wconf 73' lang='lat' dir='ltr'>Tenere</span> <span class='ocrx_word' id='word_1_347' title='bbox 1253 3457 1286 3508; x_wconf 80' lang='lat' dir='ltr'>en</span> 
     </span>
     <span class='ocr_line' id='line_1_38' title="bbox 180 3526 1285 3604; baseline -0.009 -17"><span class='ocrx_word' id='word_1_348' title='bbox 180 3531 183 3540; x_wconf 91' lang='grc'><strong>’</strong></span> <span class='ocrx_word' id='word_1_349' title='bbox 260 3535 375 3604; x_wconf 80' lang='lat' dir='ltr'>loquitur</span> <span class='ocrx_word' id='word_1_350' title='bbox 386 3535 490 3596; x_wconf 88' lang='lat' dir='ltr'>Fabius,</span> <span class='ocrx_word' id='word_1_351' title='bbox 503 3535 529 3586; x_wconf 91' lang='lat' dir='ltr'>h.</span> <span class='ocrx_word' id='word_1_352' title='bbox 541 3551 565 3584; x_wconf 86' lang='lat' dir='ltr'>e.</span> <span class='ocrx_word' id='word_1_353' title='bbox 583 3549 645 3592; x_wconf 77' lang='lat' dir='ltr'>areae</span> <span class='ocrx_word' id='word_1_354' title='bbox 665 3549 750 3600; x_wconf 81' lang='lat' dir='ltr'>aequa·</span> <span class='ocrx_word' id='word_1_355' title='bbox 790 3530 918 3602; x_wconf 74' lang='lat' dir='ltr'>firstinere,</span> <span class='ocrx_word' id='word_1_356' title='bbox 929 3529 1043 3588; x_wconf 78' lang='lat' dir='ltr'>retinere,</span> <span class='ocrx_word' id='word_1_357' title='bbox 1059 3539 1089 3578; x_wconf 90' lang='lat' dir='ltr'>nt</span> <span class='ocrx_word' id='word_1_358' title='bbox 1107 3527 1133 3580; x_wconf 87' lang='lat' dir='ltr'>in</span> <span class='ocrx_word' id='word_1_359' title='bbox 1148 3537 1230 3580; x_wconf 82' lang='lat' dir='ltr'>tencre</span> <span class='ocrx_word' id='word_1_360' title='bbox 1238 3526 1285 3596; x_wconf 83' lang='lat' dir='ltr'>su·</span> 
     </span>
     <span class='ocr_line' id='line_1_39' title="bbox 259 3598 1291 3674; baseline -0.014 -14"><span class='ocrx_word' id='word_1_361' title='bbox 259 3605 309 3660; x_wconf 86' lang='lat' dir='ltr'>bili</span> <span class='ocrx_word' id='word_1_362' title='bbox 319 3605 397 3674; x_wconf 85' lang='lat' dir='ltr'>spatio</span> <span class='ocrx_word' id='word_1_363' title='bbox 409 3622 424 3654; x_wconf 92' lang='lat' dir='ltr'>a</span> <span class='ocrx_word' id='word_1_364' title='bbox 434 3615 518 3656; x_wconf 87' lang='lat' dir='ltr'>centro</span> <span class='ocrx_word' id='word_1_365' title='bbox 528 3616 598 3655; x_wconf 83' lang='lat' dir='ltr'>terrae</span> <span class='ocrx_word' id='word_1_366' title='bbox 610 3602 731 3654; x_wconf 84' lang='lat' dir='ltr'>distantis.</span> <span class='ocrx_word' id='word_1_367' title='bbox 793 3609 866 3669; x_wconf 77' lang='lat' dir='ltr'>gom,</span> <span class='ocrx_word' id='word_1_368' title='bbox 877 3617 972 3660; x_wconf 81' lang='lat' dir='ltr'>vocem,</span> <span class='ocrx_word' id='word_1_369' title='bbox 984 3610 1008 3650; x_wconf 89' lang='lat' dir='ltr'>et</span> <span class='ocrx_word' id='word_1_370' title='bbox 1020 3598 1150 3650; x_wconf 78' lang='lat' dir='ltr'>similibus.</span> <span class='ocrx_word' id='word_1_371' title='bbox 1290 3649 1291 3654; x_wconf 63' lang='lat'>,</span> 
     </span>
    </p>

    <p class='ocr_par' dir='ltr' id='par_1_13' title="bbox 179 3665 1388 4229">
     <span class='ocr_line' id='line_1_40' title="bbox 297 3665 1286 3740; baseline -0.01 -14"><span class='ocrx_word' id='word_1_372' title='bbox 297 3693 342 3738; x_wconf 86' lang='lat'>47.</span> <span class='ocrx_word' id='word_1_373' title='bbox 362 3673 478 3738; x_wconf 75' lang='lat' dir='ltr'>Pericles]</span> <span class='ocrx_word' id='word_1_374' title='bbox 501 3675 540 3725; x_wconf 91' lang='lat' dir='ltr'>De</span> <span class='ocrx_word' id='word_1_375' title='bbox 560 3673 633 3737; x_wconf 84' lang='lat' dir='ltr'>hujus</span> <span class='ocrx_word' id='word_1_376' title='bbox 655 3683 679 3722; x_wconf 90' lang='lat' dir='ltr'>et</span> <span class='ocrx_word' id='word_1_377' title='bbox 696 3669 751 3722; x_wconf 88' lang='lat' dir='ltr'>Sul·</span> <span class='ocrx_word' id='word_1_378' title='bbox 833 3687 878 3735; x_wconf 81' lang='lat'>49.</span> <span class='ocrx_word' id='word_1_379' title='bbox 897 3667 1040 3740; x_wconf 70' lang='lat' dir='ltr'>defrutoue</span> <span class='ocrx_word' id='word_1_380' title='bbox 1053 3665 1079 3718; x_wconf 79' lang='lat' dir='ltr'>in</span> <span class='ocrx_word' id='word_1_381' title='bbox 1095 3665 1228 3736; x_wconf 82' lang='lat' dir='ltr'>infinitum]</span> <span class='ocrx_word' id='word_1_382' title='bbox 1247 3666 1286 3716; x_wconf 87' lang='lat' dir='ltr'>U-</span> 
     </span>
     <span class='ocr_line' id='line_1_41' title="bbox 258 3735 1286 3816; baseline -0.009 -20"><span class='ocrx_word' id='word_1_383' title='bbox 258 3744 322 3816; x_wconf 22' lang='lat' dir='ltr'>*picti</span> <span class='ocrx_word' id='word_1_384' title='bbox 341 3743 413 3794; x_wconf 81' lang='lat' dir='ltr'>Galli</span> <span class='ocrx_word' id='word_1_385' title='bbox 429 3755 481 3798; x_wconf 84' lang='lat' dir='ltr'>arte</span> <span class='ocrx_word' id='word_1_386' title='bbox 497 3743 549 3793; x_wconf 85' lang='lat' dir='ltr'>vid.</span> <span class='ocrx_word' id='word_1_387' title='bbox 565 3739 623 3792; x_wconf 86' lang='lat' dir='ltr'>Val.</span> <span class='ocrx_word' id='word_1_388' title='bbox 637 3741 710 3792; x_wconf 88' lang='lat' dir='ltr'>Max.</span> <span class='ocrx_word' id='word_1_389' title='bbox 725 3744 751 3802; x_wconf 81' lang='lat'>8,</span> <span class='ocrx_word' id='word_1_390' title='bbox 797 3749 864 3792; x_wconf 89' lang='lat' dir='ltr'>trum</span> <span class='ocrx_word' id='word_1_391' title='bbox 884 3757 970 3808; x_wconf 86' lang='lat' dir='ltr'>nempe</span> <span class='ocrx_word' id='word_1_392' title='bbox 982 3737 1048 3806; x_wconf 91' lang='lat' dir='ltr'>quod</span> <span class='ocrx_word' id='word_1_393' title='bbox 1064 3737 1189 3788; x_wconf 83' lang='lat' dir='ltr'>extensum</span> <span class='ocrx_word' id='word_1_394' title='bbox 1200 3735 1232 3786; x_wconf 86' lang='lat' dir='ltr'>est</span> <span class='ocrx_word' id='word_1_395' title='bbox 1252 3735 1286 3787; x_wconf 88' lang='lat' dir='ltr'>se·</span> 
     </span>
     <span class='ocr_line' id='line_1_42' title="bbox 264 3799 1287 3878; baseline -0.008 -12"><span class='ocrx_word' id='word_1_396' title='bbox 264 3833 308 3867; x_wconf 85' lang='lat' dir='ltr'>rr.</span> <span class='ocrx_word' id='word_1_397' title='bbox 327 3823 351 3872; x_wconf 84' lang='lat' dir='ltr'>et</span> <span class='ocrx_word' id='word_1_398' title='bbox 368 3813 464 3864; x_wconf 84' lang='lat' dir='ltr'>Fronti.</span> <span class='ocrx_word' id='word_1_399' title='bbox 486 3812 593 3878; x_wconf 82' lang='lat' dir='ltr'>Strateg.</span> <span class='ocrx_word' id='word_1_400' title='bbox 616 3829 641 3870; x_wconf 89' lang='lat' dir='ltr'>r,</span> <span class='ocrx_word' id='word_1_401' title='bbox 663 3827 703 3860; x_wconf 79' lang='grc' dir='ltr'>η.</span> <span class='ocrx_word' id='word_1_402' title='bbox 725 3821 751 3861; x_wconf 82' lang='lat' dir='ltr'>et</span> <span class='ocrx_word' id='word_1_403' title='bbox 800 3809 851 3861; x_wconf 86' lang='lat' dir='ltr'>cari</span> <span class='ocrx_word' id='word_1_404' title='bbox 863 3821 887 3860; x_wconf 86' lang='lat' dir='ltr'>et</span> <span class='ocrx_word' id='word_1_405' title='bbox 898 3807 978 3860; x_wconf 83' lang='lat' dir='ltr'>dividi</span> <span class='ocrx_word' id='word_1_406' title='bbox 991 3807 1037 3858; x_wconf 85' lang='lat' dir='ltr'>srne</span> <span class='ocrx_word' id='word_1_407' title='bbox 1048 3805 1096 3858; x_wconf 87' lang='lat' dir='ltr'>fine</span> <span class='ocrx_word' id='word_1_408' title='bbox 1107 3805 1186 3876; x_wconf 74' lang='lat' dir='ltr'>possit,</span> <span class='ocrx_word' id='word_1_409' title='bbox 1199 3822 1230 3854; x_wconf 91' lang='lat' dir='ltr'>an</span> <span class='ocrx_word' id='word_1_410' title='bbox 1242 3799 1287 3858; x_wconf 82' lang='lat' dir='ltr'>snit</span> 
     </span>
     <span class='ocr_line' id='line_1_43' title="bbox 281 3874 1388 3948; baseline -0.012 -13"><span class='ocrx_word' id='word_1_411' title='bbox 281 3897 321 3935; x_wconf 82' lang='lat' dir='ltr'>uae</span> <span class='ocrx_word' id='word_1_412' title='bbox 332 3882 364 3934; x_wconf 94' lang='lat' dir='ltr'>ad</span> <span class='ocrx_word' id='word_1_413' title='bbox 373 3881 603 3948; x_wconf 71' lang='lat' dir='ltr'>unumqnelocunr</span> <span class='ocrx_word' id='word_1_414' title='bbox 613 3880 660 3930; x_wconf 89' lang='lat' dir='ltr'>viri</span> <span class='ocrx_word' id='word_1_415' title='bbox 672 3879 749 3940; x_wconf 67' lang='lat' dir='ltr'>dosii.</span> <span class='ocrx_word' id='word_1_416' title='bbox 799 3895 863 3931; x_wconf 82' lang='lat' dir='ltr'>verae</span> <span class='ocrx_word' id='word_1_417' title='bbox 874 3876 960 3938; x_wconf 87' lang='lat' dir='ltr'>atomi,</span> <span class='ocrx_word' id='word_1_418' title='bbox 973 3893 1085 3947; x_wconf 86' lang='lat' dir='ltr'>corpora,</span> <span class='ocrx_word' id='word_1_419' title='bbox 1098 3874 1217 3943; x_wconf 81' lang='lat' dir='ltr'>quaejam</span> <span class='ocrx_word' id='word_1_420' title='bbox 1228 3892 1286 3944; x_wconf 87' lang='lat' dir='ltr'>por·</span> <span class='ocrx_word' id='word_1_421' title='bbox 1381 3902 1388 3907; x_wconf 95' lang='lat'>-</span> 
     </span>
     <span class='ocr_line' id='line_1_44' title="bbox 262 3901 1287 4021; baseline -0.012 -16"><span class='ocrx_word' id='word_1_422' title='bbox 262 3901 296 4005; x_wconf 67' lang='lat' dir='ltr'>in</span> <span class='ocrx_word' id='word_1_423' title='bbox 308 3953 394 4021; x_wconf 84' lang='lat' dir='ltr'>primis</span> <span class='ocrx_word' id='word_1_424' title='bbox 405 3967 462 4002; x_wconf 87' lang='lat' dir='ltr'>vero</span> <span class='ocrx_word' id='word_1_425' title='bbox 474 3949 620 4001; x_wconf 75' lang='lat' dir='ltr'>Fretnnem.</span> <span class='ocrx_word' id='word_1_426' title='bbox 631 3949 661 3998; x_wconf 89' lang='lat' dir='ltr'>ad</span> <span class='ocrx_word' id='word_1_427' title='bbox 674 3949 749 4000; x_wconf 82' lang='lat' dir='ltr'>Curt.</span> <span class='ocrx_word' id='word_1_428' title='bbox 780 3998 783 4002; x_wconf 84' lang='grc'><strong>,</strong></span> <span class='ocrx_word' id='word_1_429' title='bbox 800 3948 913 4000; x_wconf 88' lang='lat' dir='ltr'>rodividi</span> <span class='ocrx_word' id='word_1_430' title='bbox 924 3951 1061 4014; x_wconf 84' lang='lat' dir='ltr'>nequeant?</span> <span class='ocrx_word' id='word_1_431' title='bbox 1075 3943 1229 3997; x_wconf 71' lang='lat' dir='ltr'>Ceterarum</span> <span class='ocrx_word' id='word_1_432' title='bbox 1240 3961 1287 3994; x_wconf 89' lang='lat' dir='ltr'>au-</span> 
     </span>
     <span class='ocr_line' id='line_1_45' title="bbox 179 4013 1287 4088; baseline -0.009 -14"><span class='ocrx_word' id='word_1_433' title='bbox 179 4031 187 4038; x_wconf 89' lang='grc'><em>“</em></span> <span class='ocrx_word' id='word_1_434' title='bbox 260 4039 385 4087; x_wconf 78' lang='lat' dir='ltr'>4,10,a.</span> <span class='ocrx_word' id='word_1_435' title='bbox 404 4021 449 4088; x_wconf 89' lang='lat' dir='ltr'>qui</span> <span class='ocrx_word' id='word_1_436' title='bbox 466 4036 509 4071; x_wconf 86' lang='lat' dir='ltr'>nec</span> <span class='ocrx_word' id='word_1_437' title='bbox 527 4019 661 4070; x_wconf 85' lang='lat' dir='ltr'>recentiora</span> <span class='ocrx_word' id='word_1_438' title='bbox 677 4017 751 4082; x_wconf 83' lang='lat' dir='ltr'>hujus</span> <span class='ocrx_word' id='word_1_439' title='bbox 797 4017 871 4088; x_wconf 73' lang='lat' dir='ltr'>gandi</span> <span class='ocrx_word' id='word_1_440' title='bbox 881 4035 937 4069; x_wconf 91' lang='lat' dir='ltr'>vero</span> <span class='ocrx_word' id='word_1_441' title='bbox 947 4016 1072 4067; x_wconf 86' lang='lat' dir='ltr'>retulerim</span> <span class='ocrx_word' id='word_1_442' title='bbox 1084 4015 1114 4065; x_wconf 89' lang='lat' dir='ltr'>ad</span> <span class='ocrx_word' id='word_1_443' title='bbox 1126 4013 1287 4083; x_wconf 79' lang='lat' dir='ltr'>geometricas</span> 
     </span>
     <span class='ocr_line' id='line_1_46' title="bbox 262 4084 1289 4158; baseline -0.009 -15"><span class='ocrx_word' id='word_1_444' title='bbox 262 4093 325 4143; x_wconf 81' lang='lat' dir='ltr'>artis</span> <span class='ocrx_word' id='word_1_445' title='bbox 338 4090 451 4143; x_wconf 82' lang='lat' dir='ltr'>adversus</span> <span class='ocrx_word' id='word_1_446' title='bbox 466 4088 587 4140; x_wconf 82' lang='lat' dir='ltr'>barbaros</span> <span class='ocrx_word' id='word_1_447' title='bbox 603 4086 692 4140; x_wconf 75' lang='lat' dir='ltr'>validae</span> <span class='ocrx_word' id='word_1_448' title='bbox 709 4105 751 4140; x_wconf 77' lang='lat' dir='ltr'>ert-</span> <span class='ocrx_word' id='word_1_449' title='bbox 799 4086 981 4157; x_wconf 75' lang='lat' dir='ltr'>progressiones,</span> <span class='ocrx_word' id='word_1_450' title='bbox 999 4103 1056 4158; x_wconf 82' lang='lat' dir='ltr'>quae</span> <span class='ocrx_word' id='word_1_451' title='bbox 1075 4084 1180 4139; x_wconf 81' lang='lat' dir='ltr'>mirifice</span> <span class='ocrx_word' id='word_1_452' title='bbox 1197 4095 1289 4156; x_wconf 83' lang='lat' dir='ltr'>augent</span> 
     </span>
     <span class='ocr_line' id='line_1_47' title="bbox 261 4158 924 4229; baseline -0.006 -16"><span class='ocrx_word' id='word_1_453' title='bbox 261 4160 353 4226; x_wconf 72' lang='lat' dir='ltr'>ampla,</span> <span class='ocrx_word' id='word_1_454' title='bbox 366 4158 542 4229; x_wconf 78' lang='lat' dir='ltr'>praetennittit.</span> <span class='ocrx_word' id='word_1_455' title='bbox 770 4219 776 4226; x_wconf 41' lang='grc'><strong>,</strong></span> <span class='ocrx_word' id='word_1_456' title='bbox 799 4173 924 4210; x_wconf 83' lang='lat' dir='ltr'>numeros.</span> 
     </span>
    </p>

    <p class='ocr_par' dir='ltr' id='par_1_14' title="bbox 298 4227 751 4300">
     <span class='ocr_line' id='line_1_48' title="bbox 298 4227 751 4300; baseline -0.004 -18"><span class='ocrx_word' id='word_1_457' title='bbox 298 4234 344 4295; x_wconf 76' lang='lat'>48.</span> <span class='ocrx_word' id='word_1_458' title='bbox 360 4227 486 4300; x_wconf 79' lang='lat' dir='ltr'>exempla]</span> <span class='ocrx_word' id='word_1_459' title='bbox 505 4227 574 4285; x_wconf 87' lang='lat' dir='ltr'>Ouid</span> <span class='ocrx_word' id='word_1_460' title='bbox 592 4229 608 4282; x_wconf 83' lang='lat' dir='ltr'>fr</span> <span class='ocrx_word' id='word_1_461' title='bbox 627 4227 691 4286; x_wconf 81' lang='lat' dir='ltr'>illud</span> <span class='ocrx_word' id='word_1_462' title='bbox 706 4243 751 4280; x_wconf 77' lang='lat' dir='ltr'>ea·</span> 
     </span>
    </p>
   </div>
   <div class='ocr_carea' id='block_1_11' title="bbox 0 0 1530 4920">
    <p class='ocr_par' dir='ltr' id='par_1_15' title="bbox 0 0 1530 4920">
     <span class='ocr_line' id='line_1_49' title="bbox 0 0 1530 4920; baseline 0 0"><span class='ocrx_word' id='word_1_463' title='bbox 0 0 1530 4920; x_wconf 95' lang='lat' dir='ltr'> </span> 
     </span>
    </p>
   </div>
  </div>
 </body>
</html>
