2870 4916
250 384 291 444 24
417 441 421 454 .
485 365 1063 430 mranrrourncrrrmur·

217 561 219 570 ’
254 529 329 598 latio
343 527 397 609 err,
413 528 590 596 inaratam
604 529 773 610 infirmam,
787 543 821 596 et
838 529 961 618 injuria
979 525 1164 614 obnoxiam,
1179 525 1282 593 nemi

198 637 201 644 ·
256 617 290 682 ni
309 615 440 681 debere¹
460 615 595 680 nimium
616 616 722 681 licare.
767 617 867 682 Nunc
887 615 1003 702 quibus
1025 611 1232 680 instituendus
1246 613 1286 676 fit
1301 613 1348 678 ιδ

256 703 378 770 artibus
386 713 417 782 ¹³¹,
432 701 488 789 qui
503 702 543 766 sro
557 700 756 780 formabitur,
772 717 809 768 ut
827 703 893 766 fieri
915 702 1004 786 poffit
1025 712 1142 779 orator,
1157 709 1192 764 et
1212 721 1289 785 quac

257 788 292 855 in
331 809 435 872 uaqua
450 801 542 852 atate
557 787 736 852 inchoanda
745 798 770 866 ¹¹,
784 787 889 854 dicere
902 786 1096 874 ingrediar⁰.

302 874 316 936 I
353 919 361 936 .
387 873 458 955 (V.)
485 873 608 936 Primus
624 873 657 935 in
671 895 721 950 eo,
738 873 793 959 qui
808 873 937 962 legendi
953 867 1172 957 scribendique
1186 869 1287 956 adep-

164 989 166 998 >
256 967 313 1024 tua
332 957 394 1020 erit
417 956 611 1037 facultatem,
632 958 852 1044 grammaticis
874 959 917 1022 est
933 957 1036 1022 locus.
1080 958 1152 1020 Nec
1176 953 1287 1036 refert,

256 1041 299 1108 de
323 1045 439 1108 Graeoo
466 1065 506 1107 an
529 1042 593 1106 der
619 1043 735 1108 Latino
759 1043 890 1132 loquar3
914 1063 1110 1130 quamquam
1134 1043 1290 1106 Grae'cum
1336 1059 1343 1066 ·

258 1127 319 1192 osso
334 1129 470 1212 priorem
486 1127 611 1215 placete
634 1129 762 1226 utrique
784 1129 895 1194 eadem
918 1129 969 1192 via
982 1131 1037 1192 all.
1083 1127 1163 1190 Haec
1185 1126 1324 1214 igitura

256 1212 414 1302 profeffio,
429 1236 503 1278 cum
517 1213 693 1279 breviffirne
707 1237 740 1276 ιιι
760 1213 838 1300 duas
849 1226 962 1300 partes
977 1212 1136 1278 dividatur
1151 1222 1226 1276 retra
1241 1211 1255 1274 I
1273 1249 1291 1264 -

258 1299 367 1385 quendi
381 1299 543 1364 scientiam
562 1311 596 1363 et
613 1312 767 1386 poetarum
785 1300 1019 1378 enarrationem
1042 1297 1114 1384 plus
1134 1299 1231 1362 babet
1254 1298 1291 1361 in

258 1384 378 1449 recessu
391 1395 515 1471 quarnq
538 1384 643 1448 fronte
665 1385 836 1470 promittit.
880 1387 967 1450 Nam
982 1397 1016 1448 et
1037 1383 1192 1448 scribendi
1206 1383 1326 1470 rati03

259 1467 429 1557 conjuncta
451 1491 527 1534 oum
553 1469 697 1558 loquendo
725 1472 780 1549 est,
805 1484 840 1536 et
861 1470 1110 1536 enarrationemr
1136 1468 1293 1554 praecedit

258 1555 415 1622 emendata
430 1555 525 1633 laclia,
540 1567 574 1620 et
586 1556 725 1620 mixtum
739 1556 791 1620 his
804 1554 1108 1643 omnibusjudiciom
1122 1555 1179 1618 est:
1203 1564 1291 1639 quo⁸

258 1639 412 1726 quidemt
427 1639 484 1704 ‘ita
506 1640 610 1704 sei'ere
631 1639 703 1706 sunt
725 1643 769 1704 ufi
795 1655 914 1708 veteres
960 1637 1148 1720 rammatioi,
1163 1653 1201 1706 ut
1223 1661 1293 1704 non

259 1725 365 1790 versuo
389 1723 488 1790 modo
513 1723 653 1790 censoria
678 1726 816 1812 quadam
843 1665 965 1814 virgufia
987 1739 1107 1802 notare,
1123 1739 1156 1790 et
1176 1724 1293 1804 libros,

259 1808 603 1910 quilinio-viderentur
617 1810 770 1910 inscripti,
779 1825 944 1899 tamquam
959 1809 1293 1909 subditinciosnsubruo-

198 1951 235 2028 ι
259 1917 335 2044 rt
349 1894 1329 2065 uuazotuturrano„erra-aa

29 2085 89 2156 lla
112 2077 242 2162 mab,
254 2055 372 2152 boetii
387 2060 462 2154 ⁴legi
486 2057 602 2156 araris
629 2067 693 2130 est:
728 2065 955 2132 excutiendum
978 2087 1074 2132 omne
1101 2066 1294 2151 scriptorum
1321 2059 1340 2089 ”

259 2172 377 2236 genus,
401 2173 466 2214 non
510 2163 616 2238 ropter
638 2151 780 2216 historias
803 2152 912 2230 modo,
932 2151 983 2216 sed
1008 2152 1113 2229 verba,
1133 2174 1204 2238 quae
1225 2149 1292 2214 sre-

260 2247 397 2321 quentcr
404 2235 419 2322 j
446 2260 460 2302 s
473 2175 513 2302 ab
524 2236 708 2302 autioribun
721 2238 860 2302 sumunt.
885 2239 973 2302 Tum
987 2259 1045 2302 nec
1057 2237 1136 2302 citra
1151 2219 1293 2300 mulicen
1424 2293 1425 2312 ,

260 2261 595 2408 grammarlbbwpotest
609 2321 668 2386 elle
682 2322 834 2409 perfetta,
849 2323 969 2388 cumei
988 2322 1029 2386 de
1049 2320 1159 2386 metris
1174 2321 1292 2408 rhyth-

260 2404 383 2491 misque
409 2405 586 2472 dicendum·
610 2407 667 2471 fit:
694 2430 753 2472 nec
773 2407 793 2471 sr
816 2408 973 2474 rationem
996 2405 1127 2472 fidorum
1150 2405 1293 2493 ignoret,

285 2503 373 2555 oetas
387 2491 568 2578 intelligat3
592 2491 648 2579 qui
667 2497 717 2578 (ut
734 2493 795 2557 alia
808 2493 949 2571 mittam)
969 2492 1086 2556 totiesu
1108 2504 1181 2556 ortu
1195 2513 1292 2556 occa-

261 2511 399 2661 iuqucfi
427 2599 540 2640 norum
561 2577 594 2641 in
618 2576 812 2642 declarandis
836 2577 1033 2664 temporibus
1054 2589 1209 2642 utuntur:
1233 2597 1293 2642 neo

261 2658 375 2746 ignara
387 2599 606 2758 pbilosophiae,
620 2684 692 2726 cum
709 2675 836 2750 propter
848 2663 1004 2762 plurimos
1016 2663 1048 2726 in
1062 2662 1212 2726 omnibus
1227 2660 1293 2726 fere

262 2745 458 2822 carminrbuc
473 2746 561 2812 locos
575 2769 615 2812 ex
629 2747 743 2812 intima
756 2749 964 2836 quaestronum
982 2747 1173 2812 naturalium
1190 2746 1292 2814 subu.

262 2829 354 2895 litate
370 2831 533 2916 repetitos,
548 2845 617 2896 tum
635 2833 685 2896 vel
709 2855 766 2932 pro
788 2845 837 2898 ter
851 2832 1080 2920 Empedoclem
1107 2832 1140 2896 in
1158 2831 1292 2912 Graecis,
1423 2849 1424 2856 ³

262 2917 439 2980 Varronem
458 2938 495 2980 ao
508 2916 694 2984 Lucretium
714 2941 747 2982 ιιι
810 2918 897 2998 tinia,
913 2917 971 3004 qui
992 2917 1150 3004 praeopta
1170 2918 1292 3004 sapien·

263 3000 318 3064 tia
334 3001 470 3064 verfibus
486 3002 694 3066 tradiderunt.
732 3002 923 3090 Eloquentia
943 3023 1073 3090 quoque
1088 3023 1150 3065 non
1167 3003 1321 3092 medio-5
1423 2989 1424 3041 l

264 3085 310 3150 cri
326 3086 369 3150 est
383 3106 474 3172 opuS,
490 3099 527 3150 ut
545 3086 586 3150 de
608 3093 799 3174 unaquaque
821 3109 941 3168 earum,
965 3111 1044 3173 quas
1066 3085 1290 3152 demonstravi·

263 3192 349 3248 mus,
370 3191 487 3250 rerum,
504 3171 590 3235 dicat
612 3173 736 3258 proprie
749 3185 789 3236 et
812 3172 949 3260 copiose.
994 3173 1072 3236 Quo
1093 3170 1200 3236 minus
1221 3171 1292 3238 sunt

264 3253 400 3336 ferendi,
416 3255 472 3343 qui
492 3255 576 3320 hanc
591 3271 705 3337 artem,
721 3269 758 3329 ut
772 3270 902 3326 tenuem
917 3279 954 3321 ao
971 3256 1127 3342 jejunam,
1143 3257 1291 3339 cavillan-

265 3351 337 3406 tur:
363 3361 451 3406 oum
467 3342 520 3405 nist
535 3341 676 3411 oratorix
702 3342 810 3406 futuro
830 3341 1041 3406 fundamenta
1059 3341 1291 3430 fidelitcrjece-

265 3425 319 3505 rit,
347 3425 506 3512 quidquid
530 3427 778 3512 superstruxeris,
801 3439 947 3492 corruet:
982 3425 1149 3490 necessaria
1175 3428 1291 3515 pueris,

169 3546 171 3553 ι
257 3510 406 3597 jucunda
434 3513 571 3590 senibuS,
601 3509 705 3576 dulci-s
733 3512 923 3576 secretorum
946 3533 1068 3590 comes,
1091 3521 1124 3575 et
1147 3534 1219 3598 quae
1244 3513 1292 3580 vel

264 3595 329 3661 sola
357 3597 446 3666 omui
476 3595 646 3666 studiorum
674 3595 793 3684 genera
820 3596 894 3685 plus
918 3597 1016 3662 babet
1034 3595 1138 3684 operis
1152 3611 1177 3678 ²,
1196 3621 1291 3686 quam

163 3841 165 3846 ’
268 3848 395 3900 ·¹dcbct
407 3850 438 3896 G.
488 3853 506 3878 ³¹
526 3849 636 3913 puerirfi
649 3849 680 3896 G.
692 3859 714 3895 er
723 3849 787 3900 Jcnl.
836 3849 1004 3896 ”incohanda
1022 3850 1053 3898 G.
1102 3858 1115 3885 ⁰
1131 3849 1251 3912 aggrediar
1262 3849 1290 3898 G.

266 3920 332 3960 aem.
352 3913 384 3960 G.
448 3913 557 3973 ‘lpnma
573 3913 613 3978 r'rffl
632 3915 662 3960 G.
680 3919 745 3970 reae,
759 3924 822 3976 puto.
891 3915 1078 3962 rnanationem
1096 3915 1128 3962 G.
1147 3915 1210 3962 lens.
1228 3914 1290 3963 male.

267 3978 358 4038 ⁸quod
377 3977 408 4024 G.
473 3981 481 4013 ῑ
498 3978 597 4037 quidam
615 3977 678 4025 Jcns»
745 3986 756 4008 ⁰
776 3981 863 4026 totiens
881 3988 903 4024 er
922 3980 1033 4039 quotiens
1041 3979 1096 4040 fere
1106 3981 1195 4042 semper
1213 3978 1244 4026 G.
1265 3997 1291 4025 ea

266 4041 382 4154 gisctplina
394 4039 467 4114 Marii
476 4041 589 4154 gittone?
595 4051 622 4106 p.
633 4044 704 4106 2469.
714 4043 803 4106 Pursch.
853 4051 864 4082 τ
881 4043 979 4092 oratoria
988 4045 1061 4094 tutori
1068 4045 1098 4092 G.
1105 4045 1169 4094 sent.
1178 4053 1228 4094 eta.
1235 4043 1292 4108 apud

289 4120 335 4175 ιιι.Ι
382 4114 396 4142 2
413 4119 465 4168 oprs
501 4139 507 4155 .
1183 4131 1184 4135 =
