3022 4920
438 365 606 426 INSTIT.
627 363 826 427 ORATOR.
852 363 934 422 LIB.
956 364 997 422 ΙΙ.
1019 363 1047 424 8.
1214 378 1268 448 105

237 530 295 619 qbi
309 529 380 594 foro
393 528 611 610 destinabitur,
626 553 690 594 non
706 530 738 592 in
753 531 850 592 unam
866 537 986 613 partem
1002 525 1153 612 aliquam,
1169 525 1220 592 sed
1236 527 1269 593 in

198 643 200 649 ’
238 617 357 694 omnia,
373 637 445 700 quae
468 617 541 679 sunt
560 615 628 702 ejus
651 615 766 702 operia,
783 615 879 678 etiam
903 613 1003 698 siqua
1017 613 1194 677 difficiliora
1208 615 1270 677 dis-

238 703 324 766 centi
341 701 545 780 videbuntur,
560 700 788 766 elaborandum
803 701 857 763 est.
901 701 988 762 Nam
1010 713 1043 761 et
1064 699 1197 762 omnino
1218 701 1270 763 su-

204 800 393 872 9pervacua
417 799 484 850 erat
510 785 709 865 doctrinali
733 797 843 861 natura
867 785 1032 848 sufficeret.
1075 785 1129 846 An
1153 785 1172 847 sr
1199 785 1271 870 quis

237 873 372 959 ingenio
384 885 551 957 corruptus
565 895 603 936 ac
618 871 773 950 tumiduS,
792 885 827 934 ut
848 870 992 956 plerique
1010 869 1094 946 sunt,
1111 869 1271 950 inciderit,

237 958 273 1022 in
286 960 351 1021 hoc
363 979 439 1020 eum
451 959 497 1020 ire
511 957 687 1042 patiemur?
713 956 835 1020 aridum
851 969 949 1041 atquc
958 954 1108 1040 jejunum
1125 977 1188 1018 non
1204 956 1271 1020 alc-

185 1059 188 1065 ’
238 1065 324 1117 mus,
340 1043 472 1128 etquasr
490 1043 682 1106 vestiemus?
727 1043 813 1106 Nam
831 1043 850 1104 fi
865 1040 1013 1125 quaedam
1032 1039 1198 1104 detrahere
1212 1062 1271 1116 ne-

185 1140 227 1188 10
240 1128 401 1194 cellarium
418 1129 473 1206 est,
490 1151 546 1192 cur
559 1151 622 1192 non
639 1129 675 1192 srt
688 1127 825 1214 adjicere
839 1125 1037 1190 concellum?
1077 1127 1196 1212 Neque
1210 1147 1272 1212 ego

239 1225 509 1278 contra-naturam
530 1237 654 1300 pugno.
698 1215 773 1276 Non
794 1213 884 1278 enim
905 1209 1139 1274 deterendumg
1162 1210 1197 1274 id
1211 1212 1271 1274 bo-

239 1321 330 1376 num,
347 1299 367 1360 fi
382 1298 472 1384 quod
492 1299 674 1386 ingenitum
690 1300 743 1376 est,
759 1298 914 1376 existimO,
930 1296 982 1360 sed
1000 1295 1197 1382 augendum,
1213 1295 1271 1359 ad-

183 1395 223 1446 11
239 1384 445 1467 dandumque
465 1385 553 1468 quod
576 1385 681 1448 cellat.
725 1384 779 1446 An
794 1387 894 1446 veroh
917 1381 1099 1445 olariffimus
1120 1379 1176 1446 ille
1190 1401 1271 1468 prae-

239 1482 350 1565 ceptor
365 1471 528 1547 liberates,
544 1493 640 1555 quem
657 1491 721 1532 non
737 1469 841 1554 magis
855 1467 930 1532 libri
944 1467 1026 1531 bene
1042 1465 1162 1545 dixiffe,
1175 1489 1271 1552 quam

238 1554 384 1639 dilcipuli
409 1555 493 1618 bene
511 1555 656 1618 docuiffe
677 1555 840 1631 testantur,
863 1574 936 1616 cum
959 1551 1000 1614 de
1025 1547 1153 1638 Eph‘bro
1176 1567 1273 1638 atque

238 1639 449 1724 Theopompo
471 1640 511 1706 fio
526 1639 699 1726 judicaret,
714 1649 749 1702 al
769 1637 980 1725 charisma,
997 1637 1088 1700 alteri
1108 1637 1368 1700 calcaribus*-

239 1739 309 1810 opus
324 1727 376 1810 effi}
391 1725 529 1803 dicereta
553 1725 652 1788 autin
668 1724 724 1788 illo
738 1723 875 1788 lentiore
889 1723 1081 1800 tarditatem,
1097 1737 1153 1786 aut
1167 1723 1200 1786 in
1216 1722 1274 1788 illo

239 1831 321 1896 pene
340 1810 493 1896 praecipiti
514 1809 761 1874 concitationem
776 1809 982 1896 adjuvandam
1006 1807 1153 1872 docendo
1168 1808 1272 1872 existi-

239 1896 361 1958 mavit?
387 1917 462 1958 cum
485 1897 622 1960 alterum
643 1895 773 1960 alterius
788 1907 901 1958 natura
922 1893 1120 1966 miscendum
1140 1893 1273 1956 arbitra-

186 1991 227 2041 12
240 1996 337 2044 retur.
383 1981 559 2045 imbecillis
581 1997 687 2045 tamen
712 1979 851 2066 ingeniis
876 1980 947 2042 sane
970 1979 1010 2042 stc
1032 1978 1273 2064 obsequendum

240 2067 287 2144 fit,
315 2078 353 2130 ut
377 2080 502 2130 tantum
527 2067 560 2130 in
585 2067 630 2140 id,
654 2089 719 2152 quo
749 2079 842 2130 vocat
866 2079 989 2140 natura,
1009 2063 1177 2128 ducantur.
1222 2065 1275 2128 lta

239 2151 338 2229 enim,
354 2151 440 2236 quod
457 2152 557 2216 solum
573 2151 707 2236 poliunt,
723 2151 841 2216 melius
855 2149 1005 2216 efficient.
1049 2149 1083 2212 Si
1098 2170 1174 2214 vero
1190 2148 1275 2214 libe-

157 2314 164 2336 s
238 2237 335 2302 ralior
349 2237 499 2302 materiai
514 2237 688 2324 contigerit
699 2237 724 2316 ⁶¹,
740 2235 821 2300 etin
837 2259 900 2322 qua
914 2235 1030 2300 merito
1044 2233 1085 2300 ad
1099 2233 1185 2322 spem
1200 2256 1272 2299 ora-

271 2479 456 2528 ⁸delerendum
468 2479 499 2528 G.
510 2481 573 2528 Jens.
655 2477 735 2528 hnon
752 2479 783 2526 G.
796 2489 817 2524 et
832 2477 864 2525 al.
876 2488 913 2540 ap.
926 2479 1004 2524 Burm.
1020 2476 1086 2526 mal.
1166 2473 1230 2524 iSic
1242 2479 1273 2530 G.

239 2539 302 2592 lens.
314 2555 335 2592 et
346 2546 422 2608 optimi
434 2546 530 2612 quique:
547 2555 632 2593 natura
643 2545 734 2591 videtur
745 2543 784 2610 ff
796 2561 823 2590 ex
835 2543 955 2606 conjec‘iura
967 2543 1041 2606 Regii.
1117 2540 1129 2572 ¹‘
1149 2545 1274 2604 continge-a
1288 2545 1291 2551 '

239 2609 269 2655 rit
279 2609 311 2656 G.

277 2821 302 2868 9.
322 2801 416 2870 ingenio
430 2803 574 2870 corruptus]
593 2804 731 2855 Luxuriam
780 2801 851 2853 docet
862 2801 967 2862 Fabius,
980 2799 1017 2852 sed
1036 2802 1097 2872 qnid
1109 2819 1158 2853 non
1176 2799 1272 2856 fecerit.

240 2869 308 2923 illam
321 2871 397 2940 signat
406 2872 552 2938 juvenilium
567 2875 731 2942 ingeniorum,
780 2873 838 2924 Non
859 2871 956 2922 secutus
974 2871 1007 2922 est
1025 2871 1123 2940 ingenia
1138 2871 1271 2941 discipulo·

241 2941 376 3010 qnafacile
393 2943 431 2993 vel
450 2943 498 2992 ima
516 2942 571 2992 ines
589 2945 733 3013 concipiunt
781 2959 847 2999 rum,
870 2953 900 2992 ut
924 2941 999 2992 frenis
1023 2941 1120 2992 tardum
1150 2943 1272 3005 retineret,

238 3010 303 3076 justo
315 3013 427 3074 majores,
440 3010 477 3062 vel
495 2959 733 3080 lilnilitudineslec-
782 3025 826 3062 aut
839 3011 978 3062 calcaribus
990 3011 1104 3066 incitaret
1117 3024 1273 3078 currentern5

240 3089 326 3132 tantur
345 3081 452 3134 nimium
473 3080 607 3144 dissimiles,
627 3083 666 3134 vel
685 3081 734 3133 alia
783 3081 822 3132 sed
843 3092 927 3132 contra
943 3081 999 3142 ivit,
1012 3093 1037 3132 et
1059 3083 1182 3132 contraria
1194 3101 1273 3136 reme·

240 3151 359 3202 orationis
382 3164 489 3201 meteora
519 3163 628 3219 captant.
667 3153 733 3204 Cum
782 3151 824 3202 ‹lia
837 3151 905 3202 vitiis
917 3153 1047 3202 contrariis
1059 3151 1185 3202 adhibuit.

240 3219 322 3289 igitur
333 3220 434 3276 modum
454 3219 549 3271 excedit
568 3221 592 3266 al
604 3221 735 3282 εὐφαντισί-
765 3247 767 3250 -

241 3307 300 3338 mer.
313 3289 339 3340 el
347 3290 480 3350 prydpmu,
491 3301 514 3342 et
531 3289 637 3340 virtutes
655 3289 693 3339 his
705 3287 734 3339 fi-

241 3353 323 3417 miles,
343 3365 482 3424 corruptum
500 3357 632 3425 ingenium,
644 3368 734 3418 tumor,

234 3423 332 3492 frigus,
355 3427 510 3487 accusantur,
534 3428 605 3488 vitia,
627 3446 683 3496 quae
708 3431 734 3479 in

242 3493 436 3546 adolescentibus
449 3508 473 3546 et
486 3497 578 3564 ingenii
590 3499 676 3566 magni
687 3497 735 3566 sig-

160 3582 163 3592 ¹
241 3580 274 3614 na
286 3563 351 3627 sunt,
364 3577 388 3615 et
400 3583 448 3615 non
459 3565 592 3617 difficulter
604 3567 733 3618 emendan-

241 3643 300 3703 turz
320 3651 378 3688 cum
390 3634 516 3686 difficilius
529 3635 556 3686 fit
573 3635 682 3706 opposita
694 3636 733 3688 his

242 3703 314 3764 vitia,
324 3703 491 3774 sterilitatem,
503 3717 527 3755 et
545 3703 654 3766 aridam,
664 3706 733 3776 jeju-

241 3785 346 3842 numque
356 3773 461 3842 inopiam
474 3774 547 3828 alere.
561 3775 634 3828 Add.
650 3794 676 3837 2,
692 3795 733 3838 10,

243 3855 275 3894 12

244 3907 246 3912 ’
280 3929 320 3962 11.
339 3913 467 3982 isocrates]
487 3915 578 3966 Narrat
597 3911 670 3968 etiam
690 3913 734 3966 Ci-

242 3967 298 4040 bero
310 3981 340 4032 de
353 3985 434 4054 Orat„
443 4003 466 4051 3,
479 4003 504 4050 9.
524 3983 648 4037 Caeterum
661 4002 734 4054 repu-

242 4049 366 4108 diavimus
378 4053 544 4121 negationem,
555 4072 628 4120 quam
642 4055 673 4104 ab
686 4055 734 4105 ini-

244 4119 280 4169 tio
299 4121 372 4186 hujus
392 4123 485 4190 periodi
508 4123 609 4200 quidam
627 4140 732 4200 ponunt.

242 4189 330 4263 Neque
343 4193 419 4254 euim,
432 4192 493 4268 quid
506 4194 590 4246 lecerit
603 4195 733 4258 Ilocrates,

827 3239 868 3270 12.
888 3218 996 3271 materia
1020 3219 1163 3288 contigerit]
1194 3217 1272 3274 Nolui

781 3287 895 3343 fraudare
922 3291 1029 3341 Fabium
1060 3289 1173 3352 lechone,
1197 3309 1275 3360 quam

782 3359 967 3428 manuscripti,
985 3355 1066 3421 credo,
1084 3376 1169 3410 omnes
1187 3359 1275 3430 agnos-

781 3443 853 3492 cunt,
873 3445 998 3498 quamque
1018 3431 1207 3498 expungendam
1226 3431 1275 3482 mi-

782 3499 849 3550 nime
868 3497 969 3568 putallet
980 3499 1115 3568 Regius‚fi
1132 3499 1274 3550 recordatus

783 3567 848 3628 ellel,
857 3571 1010 3628 Ciceronem,
1018 3569 1118 3620 Livium
1132 3581 1155 3619 et
1165 3570 1274 3638 optimos

782 3638 892 3706 quosque
904 3637 1014 3690 auctores
1026 3637 1155 3690 materiem
1166 3639 1196 3690 de
1207 3638 1276 3708 inge-

782 3707 821 3760 nio
833 3707 940 3761 hominis
952 3706 997 3758 five
1008 3717 1100 3759 natura
1110 3708 1234 3769 adhibere,
1247 3709 1274 3761 in

783 3790 904 3846 quantum
925 3776 963 3829 vel
987 3773 1115 3828 formando
1153 3777 1275 3840 erficitur,

782 3847 822 3898 vel
838 3847 986 3900 occasionem
998 3848 1106 3916 praebere
1121 3797 1163 3898 alii
1183 3849 1217 3897 rei
1229 3866 1276 3917 po·

784 3917 836 3968 test.
859 3917 968 3970 'Praeter
987 3935 1015 3968 ea
1034 3934 1092 3986 quae
1111 3917 1142 3968 ad
1163 3919 1275 3970 Fabrum

784 3985 901 4038 adnotata
919 3989 985 4048 lunt,
1002 3985 1120 4038 notabilis
1140 3987 1275 4056 praesertim

783 4056 816 4107 est
833 4055 902 4108 locus
915 4059 971 4108 Cic.
992 4057 1017 4108 in
1035 4059 1107 4107 Verr.
1124 4075 1148 4122 5,
1162 4060 1205 4108 68.
1225 4055 1275 4110 Fac

782 4124 923 4196 enimsutffie
942 4126 968 4177 in
978 4125 1018 4196 isto
1035 4128 1064 4178 C.
1078 4125 1157 4188 Laelr'i,
1169 4127 1210 4178 M.
1224 4127 1274 4176 Ca·

782 4193 843 4254 torris
860 4195 987 4250 rnatcriem
1004 4205 1075 4266 atque
1090 4194 1208 4250 indolem.-
1228 4193 1274 4254 ubi
