3000 4908
239 382 303 466 με
498 379 1054 458 mraunouruomnmnr

234 551 352 640 fimo:
384 547 503 634 Ner,st
526 549 614 613 mutis
627 547 870 646 finistrluptas,
892 547 1271 646 ιναιιόνιιιῐὶἱηιεξᾳνοᾳιιιέ
1363 513 1367 526 ⁸

244 636 349 716 immo
374 656 414 702 ex
437 635 594 700 contrario
607 645 632 713 ¹,
660 635 741 721 Qum
763 635 864 714 mulir,
890 634 953 698 rdm
980 658 1039 698 non
1063 634 1270 698 ratwnalr'but.

246 721 432 786 Adhibetur
444 719 634 784 extrinsecus
648 719 681 784 in
695 719 829 786 caussam
849 732 883 784 et
904 719 1075 784 auctoritas.
1120 719 1203 783 Haec
1224 719 1269 784 se·
1281 709 1329 806 36

249 805 318 872 cuti
334 807 477 884 Graecos,
491 803 641 891 aquibus
655 807 754 889 κρίσεις
768 803 929 882 dicuntur,
939 803 1063 892 judicia
1079 813 1135 868 aut
1144 803 1271 892 judicu-

248 891 339 956 rioms
362 903 487 969 vocant,
503 911 568 954 non
580 901 605 969 ²,
619 887 661 954 de
683 885 801 975 quibus
824 909 864 954 ex
888 889 990 954 caussa
1014 887 1100 952 dicia
1119 886 1275 952 sententia

247 977 315 1056 est3
342 985 430 1058 (nam
444 997 482 1040 ea
501 973 631 1061 quidem
648 971 679 1038 in
695 973 912 1060 exemplorum
933 974 1040 1040 locum
1056 971 1188 1056 cedunt)
1205 973 1273 1053 sed,

247 1061 270 1126 fi
285 1060 365 1160 quid
379 1061 423 1126 ita
436 1060 536 1124 visum
550 1060 714 1146 gentibue,
726 1059 863 1146 populis,
875 1059 1067 1144 sapientibus
1080 1057 1165 1136 viris,
1181 1058 1275 1124 claris

247 1145 384 1225 civibus,
399 1145 569 1210 illustribus
583 1143 699 1232 poetis,
712 1144 820 1208 referri
834 1143 947 1230 potest.
970 1145 1042 1208 Nec
1056 1141 1127 1208 haec
1141 1143 1272 1230 quidem
1284 1159 1327 1230 37

246 1229 348 1318 vulgo
358 1230 472 1310 distar',
483 1244 516 1294 et
530 1242 655 1315 recepta
666 1229 858 1316 persuasione
869 1250 910 1316 po
932 1227 1024 1307 ulari,
1034 1229 1097 1292 srne
1108 1227 1186 1294 usul’
1201 1227 1274 1294 sue-

247 1315 506 1382 riuttestimonia.
524 1315 698 1400 Suntenim
709 1251 1274 1412 quodammodo{potentioraetiann

247 1401 336 1487 quod
350 1423 414 1466 non
433 1400 541 1464 caussis
561 1399 811 1478 accommodata,
826 1397 878 1464 sed
898 1399 1008 1464 libens
1023 1397 1098 1462 odio
1118 1411 1152 1464 et
1172 1401 1275 1486 gratia

248 1486 425 1564 mentibus,
439 1485 512 1548 ideo
526 1497 652 1548 tantum
669 1483 924 1571 dierumque,
941 1485 1017 1572 quia
1030 1495 1086 1548 aut
1101 1483 1273 1553 honestiffi·

246 1591 312 1651 ma,
327 1583 383 1636 aut
396 1569 549 1634 verissima
561 1569 760 1634 videbantur.
780 1570 833 1632 An
849 1592 922 1634 vero
937 1591 990 1634 me
1004 1569 1044 1634 de
1059 1569 1274 1636 incommodis
1285 1569 1328 1656 38

246 1657 320 1724 virae
336 1655 534 1720 disserentem
550 1676 612 1718 non
628 1653 791 1741 adjuvabit
804 1675 912 1720 earum
928 1653 1081 1740 persuaso
1094 1655 1273 1735 nationum,

289 1741 550 1827 aefletiburnutos,
562 1739 670 1804 laetitia
680 1739 827 1838 desutrtlur
834 1741 1070 1827 prosequuntur?
1084 1739 1193 1820 Aut,fi
1210 1740 1274 1806 mi·

261 1825 446 1890 ericordiam
460 1819 695 1890 'commendabo
703 1825 819 1912 judici,
835 1825 914 1891 nihil
929 1824 1080 1910 proderit,
1096 1825 1182 1910 quod
1197 1847 1273 1910 pru-

248 1909 426 1976 dentiffima
445 1911 556 1992 civitas
576 1910 833 1988 Atheniensium,
849 1934 906 1973 non
927 1933 991 1972 eam
1008 1926 1063 1996 pro
1084 1934 1104 1974 a
1131 1918 1205 1990 ectu,
1216 1911 1277 1997 fied

245 2011 300 2084 pro
313 1996 432 2060 numine
445 1995 583 2081 accepit?
612 1997 686 2059 Jam
708 1995 763 2060 illa
783 1997 900 2094 septem
915 2007 1073 2080 praecepta
1098 1993 1274 2080 apientum,
1285 2013 1330 2081 39

248 2103 357 2162 nonne
392 2079 518 2144 uasdam
539 2079 612 2144 vitae
633 2079 722 2166 leges
743 2081 981 2144 existrmamus?
1007 2081 1042 2146 Si
1062 2079 1197 2144 caussam
1219 2103 1274 2146 ve-

247 2165 355 2230 neficii
368 2103 454 2228 dieat
469 2164 623 2243 adultera,
640 2187 705 2228 non
721 2167 827 2229 Marci
843 2165 976 2230 Catonis
988 2164 1115 2251 judicio
1127 2165 1277 2230 damnata

247 2249 392 2321 videatur
404 2253 430 2327 ⁶,
447 2250 498 2335 qui
511 2249 627 2312 nullam
643 2250 809 2313 adulteram
824 2275 880 2314 non
902 2252 1031 2314 eumdem
1044 2249 1094 2334 ff
1114 2249 1276 2336 veneficam

191 2391 193 2398 .
247 2335 381 2399 dieite?
412 2335 485 2397 Jam
506 2333 668 2398 sententiis
690 2335 820 2432 quidem
843 2347 1007 2420 poetarum
1031 2357 1094 2400 non
1116 2337 1274 2400 orationes

227 2419 347 2502 'modo
369 2417 441 2484 sunt
464 2418 599 2499 refertae,
614 2419 668 2484 sed
693 2419 767 2482 lrbri
793 2419 888 2484 etiam
910 2419 1192 2508 philosophorumr
1217 2417 1274 2506 qui

272 2505 442 2592 numquam
464 2503 613 2568 inferiora
633 2504 741 2569 onmia
761 2504 928 2590 praeceptis
942 2505 1003 2568 suis
1024 2527 1062 2569 ac
1082 2503 1183 2570 literis
1203 2525 1273 2568 cre·

246 2529 341 2669 dunt,
368 2603 509 2675 repetere
537 2605 643 2654 tamen
666 2589 888 2654 audior-itatem
912 2611 931 2652 a
951 2589 1117 2675 plurimiss
1139 2590 1274 2654 verfibus

247 2695 313 2739 non
334 2673 541 2738 fastidierunt.
587 2676 703 2760 Neque
726 2675 768 2737 est
790 2672 933 2758 ignobile
948 2674 1142 2761 exemplum,
1158 2676 1273 2772 Mega·
1285 2695 1333 2760 40

246 2779 310 2824 reor
322 2774 337 2814 8
350 2760 389 2824 ab
404 2759 636 2845 Athenierfibus,
653 2785 716 2823 cum
731 2761 767 2820 de
782 2759 934 2822 Salamine
955 2761 1168 2842 contenderent,
1183 2765 1276 2824 oratos

280 2998 295 3037 u
315 2993 494 3043 rationabilibus
505 2995 540 3042 lic
553 3005 573 3042 t!
585 3013 633 3042 mox
644 2989 685 3044 iid.
751 3001 761 3024 ¹
782 2995 904 3044 contrariis
915 2995 945 3044 G.
1011 3001 1025 3031 ²
1042 3011 1082 3043 om.
1096 2995 1126 3043 G.
1137 2995 1200 3042 Jens.
1212 3004 1234 3041 et
1243 2992 1276 3041 al.

248 3059 359 3105 sdicam
371 3059 402 3104 G.
467 3060 586 3106 trisuc.
659 3061 725 3107 ‘vel
740 3061 780 3123 1¹nd
793 3062 823 3108 G.
833 3061 896 3108 Jcns.
949 3059 1071 3108 ‘videtur
1082 3061 1113 3108 G.
1163 3065 1232 3107 ⁸0m.
1244 3057 1277 3106 G.

247 3118 384 3183 ‘pluribus
394 3121 426 3172 G.
524 3125 666 3186 ‘Megaros
676 3126 706 3175 G.
724 3125 915 3191 Megarluslens.

285 3324 328 3386 3⁶·
355 3337 411 3384 non,
434 3325 463 3374 de
485 3323 569 3394 quibus
592 3341 624 3376 ex
643 3324 736 3394 causti]
787 3324 875 3392 Pyrrh.
899 3327 995 3395 Hypot.
1017 3342 1040 3388 3,
1054 3341 1098 3390 ²4·
1112 3323 1130 3376 s.
1151 3343 1212 3389 ²3²·
1231 3325 1277 3378 ubl

248 3389 347 3443 Gratiae
371 3393 487 3446 habendae
517 3395 609 3462 Regio,
639 3405 739 3464 propter
787 3405 811 3444 et
834 3395 985 3462 reliquorum
1009 3395 1119 3445 Deorum
1136 3394 1276 3446 hominum-

247 3477 333 3530 quem,
346 3473 370 3511 et
388 3462 551 3533 interpositam
569 3464 600 3513 ab
618 3481 647 3516 eo
664 3479 739 3530 nequ·
783 3475 837 3531 sque
846 3464 984 3525 sententiae,
996 3465 1040 3532 qui
1052 3465 1105 3516 vita
1116 3477 1219 3516 mortem
1231 3482 1276 3533 po-

246 3532 341 3582 tionem
353 3531 393 3582 hie
406 3529 474 3584 loeus
491 3545 630 3599 utcumque
650 3519 739 3585 intelli·
788 3535 874 3584 tiorem
886 3533 1012 3594 duxerint,
1022 3545 1206 3593 commemorat,
1218 3534 1274 3601 qui·

247 3602 329 3669 gitur.
357 3601 460 3654 Interim
470 3601 579 3652 nondum
591 3613 652 3670 puto
663 3601 740 3672 usque
788 3602 836 3652 bus
860 3600 876 3652 li
898 3603 1021 3654 addideris
1043 3617 1127 3656 notata
1150 3603 1276 3663 Fabricio,

248 3677 349 3739 quaque
360 3669 455 3722 sanum.
482 3673 546 3742 Qae
557 3671 620 3720 enirn
632 3670 684 3723 lraec
696 3671 737 3722 de·
788 3671 851 3722 nilril
867 3687 1024 3742 magnopere,
1036 3675 1104 3740 quod
1121 3673 1151 3725 ad
1162 3673 1227 3724 hunc
1238 3670 1275 3722 lc·

247 3739 331 3790 finitio
339 3739 488 3802 judiciorum
498 3739 738 3805 curjudicationmn,
789 3755 845 3791 cum
858 3741 987 3809 pertineat,
999 3741 1154 3796 desiderabis.

248 3809 280 3860 de
306 3807 375 3859 uibus
390 3823 423 3858 ex
439 3809 518 3876 σαψ
537 3809 603 3860 dieta
615 3808 739 3876 sententia
806 3808 866 3871 '38'.
881 3818 928 3878 pro
947 3809 1044 3862 numine
1054 3812 1157 3880 accepit]
1177 3809 1275 3861 Sacrate
1366 3807 1368 3814 '

246 3825 305 3958 qil
330 3877 426 3941 judicia
446 3879 528 3945 potius
549 3879 604 3929 sunt
624 3879 739 3930 sententia
788 3876 824 3928 illi
838 3895 889 3930 ara.
909 3879 997 3932 Plures
1008 3881 1109 3950 quidem
1121 3880 1198 3944 θωμὲε
1207 3893 1274 3929 corn·

248 3945 300 4016 rpsa
331 3945 430 4010 majoris
461 3948 540 4018 partis
565 3946 680 4013 judicum
708 3948 739 3999 de
787 3960 906 3999 memorat
926 3952 1013 4001 Sextus
1030 3951 1078 4002 Em
1098 3952 1173 4002 iricus
1191 3957 1276 3999 contra

248 4013 329 4066 caussa
340 4013 434 4092 aliqua.
619 4038 623 4046 ·
788 4017 873 4068 Malli.
900 4037 925 4084 9,
953 4024 1012 4082 187.
1043 3967 1096 4070 Sed
1112 4017 1277 4090 synecdochen

286 4081 644 4156 38.Jlenbusnatos—proseq.]
655 4085 738 4138 Thra·
788 4085 830 4138 esse
843 4095 915 4156 putat
926 4090 936 4135 ὁ
946 4089 1002 4135 πάνυ
1012 4089 1153 4149 Fabricius,
1164 4101 1222 4139 cum
1239 4101 1277 4138 re·

247 4165 305 4224 curn
317 4152 430 4220 quidam,
443 4151 548 4222 ‘frausus
558 4156 669 4206 nominat
686 4155 737 4206 He·
788 4155 860 4224 liqui,
880 4173 942 4223 quos
959 4173 1050 4226 magno
1065 4173 1167 4208 numero
1182 4154 1278 4218 laudat,

243 4219 348 4274 tcdctus
367 4239 392 4291 5,
405 4241 433 4287 4.
460 4223 532 4296 Add.
554 4225 620 4282 Sext.
639 4225 738 4295 Empir.
771 4228 971 4312 'uniustantum
983 4226 1149 4298 meminerint,
1183 4241 1185 4246 ’
