3022 4920
186 477 190 484 ι
249 383 290 464 rs
480 385 666 447 mrnsrr
688 381 1036 447 oorncrrmnnr

245 547 409 616 esurieritis
425 547 557 614 Graeeire
571 545 657 627 viris,
672 559 706 612 et
721 548 762 614 ab
783 547 849 649 ipso
862 548 958 614 etiam
973 549 1105 616 Socrate
1125 550 1268 637 probata,

245 634 407 700 aPlatone
422 655 552 733 quoque
574 632 606 698 in
628 645 716 732 parte
742 634 884 700 cirillum
898 635 996 720 posita
1016 636 1180 716 virtutum,
1197 650 1231 700 et
1250 659 1271 701 a

245 719 421 806 Chryfippo
436 739 469 782 m
490 734 656 806 preceptrs
670 717 711 784 de
723 717 894 784 liberorum
909 717 1097 786 educatione
1113 722 1268 808 compost·
1320 773 1323 784 .

245 803 288 868 tis
311 826 376 868 non
397 802 517 870 onrill'a.
560 798 644 870 Nafn
660 803 923 870 Lacedaemonios
942 804 1073 892 quidem
1091 807 1187 870 etiarn
1208 807 1267 871 sal·
1284 795 1323 860 18

244 890 398 958 tationem
420 889 605 975 φιαιηὼιω,
627 904 792 978 tamquam
818 889 858 954 ad
882 890 966 954 bella
1014 913 1121 978 uoque
1143 892 1269 974 utilem,

244 973 386 1041 habuisse
401 975 484 1038 inter
502 975 745 1040 exercitationes
765 974 956 1060 accepimus.
991 914 1118 1062 tilleque
1133 975 1166 1040 id
1182 991 1270 1042 vete-

244 1059 334 1124 ribus
350 1059 501 1128 Romanis
514 1059 663 1124 dedecori
676 1059 754 1124 fuit:
777 1075 1002 1146 argumentum
1017 1063 1060 1125 est
1074 1061 1269 1128 sacerdotum
1308 1082 1311 1086 ·

244 1144 376 1210 nomine
389 1168 426 1210 ac
442 1145 596 1232 religione
610 1143 725 1210 durans
739 1144 781 1208 ad
795 1144 859 1210 boc
869 1157 999 1232 tempus
1014 1145 1152 1212 saltatio:
1169 1159 1203 1212 et
1216 1147 1273 1213 ills

243 1229 276 1294 in
287 1230 383 1296 tertio
394 1230 558 1298 Ciceronis
568 1230 609 1294 de
616 1243 738 1294 oratore
745 1228 827 1294 libro
840 1231 935 1294 verba
948 1231 1054 1311 Craffi,
1064 1231 1271 1318 quibusprae·

245 1316 330 1402 sepit
338 1332 362 1396 ¹¹,
379 1330 416 1382 ut
429 1330 534 1382 orator
557 1327 667 1381 utatur
685 1313 812 1380 soterum
827 1314 1015 1380 inclinatione
1021 1316 1104 1404 forti
1122 1317 1271 1398 accinti,

244 1426 304 1466 non
318 1427 339 1466 α
351 1403 445 1490 scena
459 1415 487 1466 ot
506 1400 699 1488 histrionibus,
709 1400 770 1487 sed
788 1399 827 1464 ab
842 1401 945 1480 armis,
961 1415 1016 1465 ant
1036 1402 1125 1466 etiam
1139 1427 1159 1466 a
1167 1402 1271 1490 pola-

233 1486 321 1574 stra.-
344 1488 435 1574 eujus
448 1487 544 1552 etiarn
559 1485 732 1570 disciplinae
745 1485 820 1552 usus
833 1485 869 1551 in
882 1487 1017 1552 nostram
1031 1487 1129 1576 usque
1144 1501 1272 1555 oetatem

247 1573 311 1638 fine
325 1573 560 1658 reprehensione
574 1569 748 1636 descendit.
781 1571 815 1634 A
829 1593 882 1636 me
896 1585 1004 1638 tamen
1019 1594 1079 1636 nec
1093 1572 1178 1638 ultra
1191 1593 1271 1660 pue·
1286 1573 1331 1644 19

245 1658 320 1724 riles
335 1679 435 1722 annos
449 1655 645 1734 retinebitur,
661 1655 768 1720 necin
783 1654 834 1720 his
849 1655 918 1743 ipsrs
933 1656 1002 1722 diu.
1046 1660 1082 1722 N
1124 1680 1165 1723 ue
1186 1659 1274 1724 enim

246 1743 370 1830 gestum
399 1741 554 1808 oratoris⁰
582 1761 655 1804 eom
720 1739 731 1804 i
760 1741 801 1806 ad
830 1739 1069 1808 similitudinem
1113 1743 1274 1808 altationis

247 1827 335 1908 volo,
346 1827 399 1892 sed
412 1825 528 1892 subesse
541 1825 637 1910 aliqui
675 1848 714 1890 ex
728 1825 789 1890 hac
803 1827 1027 1892 exercitatione
1044 1827 1171 1926 puerili,
1180 1829 1274 1893 unde

248 1933 393 2062 nossnon
407 1913 441 1978 id
461 1924 592 2000 agentes
615 1910 724 1976 frutim
739 1911 837 1978 decor
852 1912 910 1978 ille
923 1910 1116 1980 discentibus
1136 1913 1274 1980 traditus

270 2020 336 2064 roe
359 2010 463 2064 natur.
888 2037 890 2042 -
928 2016 930 2020 ·
1111 2047 1113 2054 .

247 2021 271 2086 p
290 2023 371 2148 xli.
389 2083 493 2168 (XX.)
511 2080 623 2148 Quaeri
637 2080 785 2179 selenen
799 2081 908 2160 etiam,
924 2082 944 2146 sr
959 2080 1105 2147 discenda
1116 2083 1176 2149 srnt
1188 2083 1273 2164 haec‚

176 2223 179 2228 .
247 2167 362 2234 eodem
377 2180 519 2254 tempore
535 2180 640 2232 tamen
655 2165 860 2232 tmdromnia
874 2180 908 2232 et
924 2153 1042 2254 perdipi
1057 2169 1179 2253 poffint.
1202 2171 1273 2234 Ne·

247 2266 328 2342 gant
343 2252 426 2317 enim
443 2250 586 2351 quidam,
601 2251 678 2338 quia
689 2251 902 2318 confundatur
914 2253 1050 2331 animus,
1065 2274 1102 2317 ac
1119 2251 1275 2341 fatigetur

246 2351 297 2404 tot
311 2337 483 2425 disciplinis
498 2337 531 2402 in
545 2336 700 2402 diversum
714 2337 930 2417 tendentibus,
947 2337 987 2402 ad
1001 2359 1081 2424 quas
1096 2359 1155 2402 nec
1170 2361 1273 2420 mens,
1316 2351 1319 2359 '

248 2441 309 2488 neo
321 2445 447 2510 corpus,
463 2445 522 2488 nec
542 2421 612 2487 dies
632 2421 696 2508 ipse
709 2420 859 2488 sufficiat:
873 2435 915 2487 -et
930 2424 950 2486 sr
964 2423 1102 2488 maxime
1123 2423 1193 2488 haec
1215 2447 1274 2512 pa-

246 2509 346 2574 tiatur
368 2521 444 2574 aetas
464 2508 629 2586 robustior,
645 2521 773 2573 tamen?
793 2508 929 2594 pueriles
947 2530 1046 2572 annos
1066 2510 1189 2574 onerari
1209 2533 1275 2576 non

249 2606 402 2680 oporteat.
446 2593 511 2658 Sed
526 2616 589 2658 non
608 2593 680 2658 satis
694 2592 895 2680 perspiciunt,
911 2607 1069 2680 quantum
1084 2609 1196 2659 natura
1209 2595 1308 2666 hu-s

249 2681 336 2744 mani
350 2679 472 2767 ingenii
487 2677 604 2744 valeat:
621 2701 693 2776 quae
708 2680 754 2743 ita
767 2680 810 2742 est
824 2679 917 2766 agilis
931 2691 964 2742 et
979 2677 1083 2757 velox,
1100 2679 1186 2744 froin
1202 2703 1276 2746 om·

250 2787 324 2828 uem
340 2778 475 2853 partem,
490 2776 529 2830 ut
547 2763 592 2828 ita
604 2763 760 2844 dixerim,
775 2763 904 2850 spedlat‚
916 2777 955 2828 ut
974 2783 1015 2826 ne
1033 2763 1124 2850 poffit
1143 2765 1276 2850 quidem

143 2885 236 2900 ··--
249 2849 370 2936 siquid
390 2873 485 2937 agere
504 2861 629 2914 tantum
653 2871 779 2914 unum:
803 2850 836 2912 in
861 2848 952 2936 plura
973 2871 1058 2928 vem,
1075 2872 1140 2914 non
1161 2850 1277 2916 eodem

230 2934 303 2998 eie
324 2935 502 3016 modo‚‘sed
524 2935 637 2998 eodem
659 2934 812 3020 temporis
832 2946 997 2998 momento
1021 2934 1086 2998 vim
1106 2935 1192 3000 suam
1212 2935 1276 3000 im-

249 3019 378 3106 pendat.
421 3021 476 3086 An
501 3041 575 3084 vero
599 3019 768 3086 citharoedi
792 3041 856 3084 non
881 3020 971 3084 srmul
991 3031 1025 3088 et
1046 3019 1221 3101 memoriae,
1243 3031 1305 3107 etg

475 3229 487 3254 ⁸
506 3222 613 3285 precipit
624 3223 654 3272 G.
719 3229 733 3262 0
749 3223 834 3272 oratori
845 3222 877 3270 G.
942 3225 955 3261 1
969 3235 1011 3270 oro.
1020 3220 1053 3270 G.

288 3388 331 3437 18.
349 3383 434 3438 verba
451 3382 545 3450 Craffi]
565 3385 604 3436 De
625 3386 697 3436 Orat.
711 3402 738 3450 3,
829 3402 872 3451 ¹9·
889 3381 984 3450 furtim
1005 3383 1089 3448 decor]
1118 3382 1176 3452 Jarn
1198 3385 1286 3441 Pareo.

253 3471 298 3524 59.
316 3456 406 3506 Omnes
420 3465 501 3505 antem
519 3452 559 3505 hos
570 3464 646 3506 motus
648 3453 738 3572 [ubst
786 3453 914 3505 observata
926 3453 1034 3506 imitatio
1046 3451 1148 3506 Tibulli
1159 3473 1186 3518 4,
1200 3473 1226 3516 2,
1240 3460 1266 3511 8,.

250 3523 292 3594 qui
306 3525 374 3576 debet
387 3523 475 3594 gestm,
487 3541 532 3574 non
548 3522 587 3580 tic,
597 3541 648 3576 ver
663 3541 681 3572 a
693 3539 738 3576 ex·
822 3522 903 3584 Illam,
914 3521 974 3590 quid
986 3521 1031 3574 uid
1045 3522 1107 3591 agit,
1118 3541 1207 3596 quoquo
1219 3527 1277 3595 vqs-

247 3591 675 3672 primensfienicm‚seduniversam
687 3609 739 3658 rem
891 3539 1048 3660 tigiajlenir,

249 3663 426 3733 etsenrenticm
438 3680 483 3714 non
494 3660 690 3732 denominatione
692 3663 741 3731 sed
754 3686 760 3702 =
858 3659 1278 3734 Componitfurtimfitbstqoiturque

244 3731 419 3802 fignr'ficatione
429 3731 684 3792 declaransdaterm
700 3729 738 3781 in·
891 3732 970 3798 decor.

245 3801 354 3871 flexione
369 3800 415 3852 hac
422 3799 489 3866 forti
499 3817 529 3850 ac
547 3799 739 3869 virili,-·palae-
788 3799 861 3852 Add.
876 3801 933 3852 Cic.
945 3801 976 3850 de
994 3801 1066 3850 Orat.
1088 3817 1112 3861 r,
1125 3803 1167 3851 16.
1189 3800 1222 3851 Ut
1236 3800 1279 3870 qui

240 3871 312 3942 stra.
348 3871 534 3922 Manusautem
548 3869 626 3924 minus
636 3880 739 3939 arguta,
785 3868 840 3938 pila
851 3868 948 3931 ludunt,
960 3885 1006 3919 non
1016 3875 1118 3921 utuntur
1134 3869 1160 3920 in
1175 3867 1277 3939 ipsa'ln·

252 3938 337 4008 digitis
339 3939 484 4010 subsiquens
494 3939 588 4000 verba,
600 3957 646 3992 non
657 3939 741 4008 expri-
781 3938 848 4005 stone
865 3937 968 4006 artificio
977 3935 1073 4006 proprio
1086 3937 1204 4009 palastrae
1214 3959 1221 4003 ς
1232 3939 1281 4012 std

252 4026 335 4062 mens.-
362 4008 488 4060 brachium
507 4007 631 4076 procerius
647 4009 741 4078 projec·
788 4007 882 4060 indicat
897 4008 945 4079 ipse
961 4016 1047 4068 morus,
1058 4006 1216 4062 didicerintne
1228 4017 1278 4077 pa.

251 4087 312 4140 tum,
321 4077 388 4148 quafi
395 4079 513 4148 quoddam
524 4077 596 4130 telnm
608 4075 738 4131 orationis.-
786 4077 902 4149 satiram,
913 4094 948 4127 an
961 4075 1067 4145 nesciant
1078 4077 1126 4129 &e
1174 4095 1177 4101 ·

245 4147 359 4219 fitpplofio
367 4147 436 4216 pedis
453 4146 679 4202 incantationibus
696 4159 741 4205 ant
825 4148 891 4198 XII.
912 4165 936 4210 3.
960 4144 1107 4210 citharoedi]
1135 4147 1185 4200 Hic
1210 4165 1280 4217 aper·

253 4215 393 4287 incipiendis
404 4215 578 4286 autfiniendis.
791 4215 909 4286 rislunum
924 4214 967 4278 etr,
985 4215 1152 4270 citharoedum
1169 4217 1222 4280 elle,
1234 4218 1279 4288 qui
