3024 4912
394 395 568 462 rusrru.
587 394 789 462 oneror.
810 401 895 462 nra.
914 397 968 462 ιν.
988 415 1018 462 a.
1182 421 1239 481 ψ

217 561 292 643 lino,
308 583 414 630 nonne
435 561 582 652 optimeb
603 575 753 650 patronus
775 575 921 630 occurrat
938 564 1025 652 prius
1039 564 1175 632 comiciis
1190 567 1248 633 la··

217 649 328 729 aurita,
341 649 528 738 petulantiae,
544 649 746 737 impudicitia,
761 671 856 738 quam
868 662 880 692 ⁰
894 650 1055 736 captati?
1075 651 1107 714 in
1124 651 1242 739 quibua

218 733 290 798 solie
305 735 409 799 omnis
423 734 590 799 Ciceronis
606 733 742 798 versatur
762 735 886 799 oratioe
909 734 1026 800 deinde
1046 747 1115 801 turn
1137 751 1242 803 narret

219 819 256 882 de
269 819 349 883 bonis
372 819 485 898 Palla,
500 830 647 916 totamque
659 819 720 882 ded
740 820 776 883 oi
795 819 932 906 explicet
953 821 1090 968 caalffam,
1104 843 1177 909 quae
1198 823 1243 887 est

167 903 206 972 28
220 903 314 990 ipsius
328 904 454 970 ustione
467 916 479 944 ⁶
494 903 618 970 defecta
632 905 643 967 l
669 903 732 970 Sed
746 925 804 970 nos
818 904 908 970 ducit
919 904 994 969 icho
1008 927 1094 970 arum
1109 908 1242 973 consue-

219 988 310 1068 tudo,
326 989 358 1053 in
373 990 491 1076 quibus
505 1001 591 1053 certa
604 987 750 1136 {uadum
760 1001 938 1138 ponuntur,
953 1010 1026 1074 quae
1048 992 1176 1078 themata
1189 992 1241 1057 di-

219 1073 335 1153 cimus,
350 1088 465 1161 praeter
478 1095 551 1161 quae
573 1072 606 1136 ni
631 1073 654 1138 il
670 1073 758 1138 elidi
772 1073 925 1152 nendum.
970 1075 1109 1160 Ideoque
1130 1101 1240 1142 narra-

219 1159 259 1222 tio
280 1159 436 1244 prooemio
456 1159 599 1245 sempers
623 1157 837 1246 subjungitur.
882 1158 962 1224 lude
983 1159 1112 1225 libertas
1132 1161 1241 1226 decla.

219 1244 407 1323 mucoribus,
422 1257 460 1308 ut
473 1242 570 1310 etium
584 1243 722 1308 secundo
737 1243 834 1342 partie
848 1244 910 1308 sue
924 1243 997 1310 loco
1011 1265 1135 1309 narrare
1150 1245 1241 1313 vide·
1257 1317 1260 1323 ,

167 1347 206 1416 29
220 1339 325 1394 antur.
368 1330 453 1394 Nam
478 1351 580 1416 quum
605 1347 664 1414 pro
684 1340 818 1415 petitore
842 1328 965 1410 dicunt,
982 1341 1016 1395 et
1037 1330 1241 1416 expositione,

219 1425 384 1500 tamquam
411 1413 522 1499 prinas
548 1425 656 1498 agant,
684 1412 733 1480 uti
760 1412 861 1478 solent
873 1436 883 1491 3
919 1425 954 1477 et
979 1413 1242 1497 contradidiione‚

219 1511 382 1584 tamquam
409 1496 635 1584 respondeant:
671 1496 730 1561 idh
754 1497 844 1584 quod
868 1498 905 1561 fit
927 1519 990 1562 non
1014 1500 1111 1564 κᾶε.
1154 1501 1244 1566 Nam

221 1583 296 1646 'curn
319 1583 356 1646 fit
378 1582 551 1649 declamatio
565 1581 731 1668 foreastum
756 1583 901 1646 aetianam
923 1584 1085 1664 meditatio,
1100 1605 1158 1649 cur
1178 1607 1244 1650 non

220 1678 393 1752 utrumque
405 1669 551 1754 protinus
565 1667 672 1730 locum
687 1669 854 1732 exerceat?
884 1667 985 1754 Cujus
1005 1669 1136 1733 rationis
1151 1669 1244 1758 igna-

221 1751 259 1830 ri,
275 1771 315 1815 ex
328 1773 429 1832 more,
444 1753 496 1817 oui
511 1751 717 1831 assueverunt,
732 1751 813 1816 nihil
827 1751 860 1814 in
874 1750 944 1816 foro
962 1763 1074 1840 putant
1085 1755 1147 1818 else
1169 1771 1244 1830 rnu-

165 1853 209 1921 30
223 1835 367 1901 tandum.
411 1837 475 1902 Sed
499 1837 533 1900 in
557 1834 744 1902 scholasticis
787 1857 891 1923 uoque
912 1857 1154 1925 nonnumquam
1167 1860 1244 1904 eve·

222 1919 282 2000 nit,
298 1933 335 1986 ut
372 1943 407 1986 ro
421 1921 599 1986 narratione
613 1920 650 1984 fit
663 1941 719 2008 pro
783 1921 840 1987 tio.
883 1923 1071 2010 Numquid
1095 1935 1244 2009 exponet,

222 2005 298 2092 qui¹
312 1944 397 2071 aeiot
420 2005 497 2094 puin
513 2005 606 2070 malae
619 2005 817 2071 tractationis
831 2005 954 2072 accusat
966 2009 977 2070 l
1000 2019 1057 2071 aut
1070 2008 1127 2094 qui
1141 2008 1244 2096 Cyni-

222 2111 298 2155 cum
319 2113 381 2178 apu
425 2091 567 2156 censores
587 2111 676 2154 reum
702 2091 742 2155 de
763 2091 906 2155 moribus
919 2089 1019 2156 faciti
1043 2111 1117 2157 cum
1138 2097 1253 2158 totum

222 2175 342 2242 crimen
361 2197 428 2241 uno
448 2177 547 2241 verbo
567 2176 600 2240 in
616 2175 759 2262 qualibet
772 2175 905 2242 odionis
927 2187 1016 2264 parte
1030 2179 1149 2264 posito¹
1171 2177 1246 2244 satie

166 2279 206 2346 31
222 2259 391 2326 indicetur.
435 2262 500 2326 Sed
521 2261 591 2326 haec
611 2259 777 2326 hedenus.
819 2263 931 2339 Nunc,
948 2283 1021 2348 quae
1043 2263 1079 2326 fit
1099 2261 1247 2328 narrandi

221 2345 316 2425 ratio,
331 2346 532 2434 subjungam.
576 2345 723 2410 Narratio
747 2344 850 2431 estrei
859 2345 963 2431 fattae
986 2359 1042 2411 aut
1064 2359 1132 2438 at¹⁰v
1142 2348 1249 2434 faeta

221 2431 305 2494 utilis
320 2433 363 2494 ad
371 2432 606 2517 persuadendam
621 2431 774 2517 expcſsti03
797 2431 848 2496 vel
868 2440 918 2516 (ut
935 2431 1145 2517 Apollodorus
1160 2432 1243 2515 finit)
1312 2441 1314 2450 '
1391 2447 1392 2456 ¹

223 2515 315 2580 oratio
329 2517 431 2580 ducas
445 2518 618 2596 auditorem,
634 2515 708 2602 qaid
723 2515 756 2578 ia
777 2527 928 2580 controver
939 2541 970 2579 aa
983 2516 1040 2601 stt.
1083 2517 1163 2594 Eam
1176 2516 1247 2604 ple-

222 2601 315 2700 rique
335 2600 511 2748 scriptores,
526 2599 736 2747 marimelqui
750 2595 1173 2750 siiiissiiiffiigJ⁰ii¹¹i
1186 2599 1248 2749 egl}

169 2833 171 2837 ,
222 2683 788 2858 iiiiii'ersiiii'iinfiiimiaiiatr
805 2769 1000 2868 probabilem
1023 2707 1248 2836 ercituneiiu

169 2865 211 2938 32
225 2855 381 2920 dicamus.
424 2856 545 2920 Eadem
574 2855 667 2920 nobie
693 2855 799 2940 placet
825 2855 951 2953 divisio:
990 2867 1183 2954 quamquam
1214 2865 1248 2920 et

223 2939 406 3006 Aristoteles
420 2941 460 3004 ab
475 2940 611 3006 Isocrate
622 2951 711 3028 parte
725 2939 758 3002 in
773 2961 836 3005 una
857 2938 1036 3020 drllensent,
1050 2951 1247 3028 praeceptum

156 3147 161 3154 '
255 3139 326 3191 lom.
339 3143 369 3190 G.
467 3146 537 3190 eom.
549 3142 580 3190 G.
677 3137 762 3187 ddein
774 3141 804 3188 G.
815 3139 901 3197 deinde
910 3141 974 3189 lens.
1076 3133 1248 3190 taeloneo.

224 3206 290 3258 sm.
303 3208 334 3256 G.
415 3205 648 3268 'puerescunt
723 3205 874 3267 *idquettd
949 3203 1030 3268 ¹quae
1040 3206 1072 3255 G.
1088 3205 1165 3253 retulit
1174 3215 1249 3268 nempe
1351 3247 1377 3263 ,,

224 3274 257 3324 at
264 3289 361 3329 mem,
373 3271 433 3335 cujus
443 3273 527 3323 maiae
536 3272 619 3333 agitur.
708 3267 714 3299 ¹
734 3269 860 3332 propositio
871 3270 903 3320 G.
912 3268 977 3320 malr.
1055 3279 1075 3308 ὓ
1089 3270 1130 3320 ota
1140 3271 1171 3319 G.
1182 3281 1204 3319 et
1214 3269 1248 3321 al·

225 3349 262 3407 ap.
274 3339 352 3386 Bam
365 3350 416 3384 non
427 3335 468 3384 rel.
532 3346 546 3374 ὓ
562 3335 669 3386 lucidam
679 3349 722 3396 pro
732 3335 854 3396 perspicua
865 3335 896 3383 G.

261 3504 305 3556 28.
310 3499 414 3570 secundo
421 3495 565 3566 partissttae
572 3496 632 3562 Ioco]
646 3497 712 3548 Cum
760 3495 872 3548 nieorum
884 3495 1009 3550 accusator
1018 3496 1157 3549 describet?

224 3570 276 3622 duo
296 3569 385 3621 dicunt
407 3583 452 3639 pro
473 3567 556 3618 eodem
580 3567 712 3636 litigatore,
798 3583 838 3630 32.
858 3565 1003 3635 Aristoteles]
1026 3567 1103 3618 Rhet.
1124 3582 1149 3630 3,
1163 3567 1246 3627 rut.

225 3639 284 3692 satia
295 3636 328 3691 eli
339 3654 427 3702 unum,
438 3653 524 3705 nempe
552 3635 579 3686 ui
595 3640 663 3705 prior
672 3636 711 3686 di·
761 3635 887 3686 Nimirum
898 3637 924 3684 el
933 3641 1025 3701 μετρίως
1035 3647 1059 3687 et
1070 3635 1111 3687 hic
1122 3651 1247 3686 commen·

225 3710 274 3770 xit,
296 3723 403 3764 nauare.
434 3705 544 3762 sedda
596 3716 713 3756 atoresa
760 3705 804 3756 dat
827 3702 981 3764 Aristoteles,
1000 3703 1059 3756 usuc
1081 3703 1163 3774 lepido
1185 3720 1248 3774 apo-
1341 3743 1343 3748 .

226 3777 313 3848 regula
331 3775 452 3848 prooemio
469 3773 612 3841 subjiciendi
628 3791 712 3826 narna-
760 3772 919 3843 phthegmate
935 3773 1069 3839 cujusdam,
1082 3774 1127 3842 qui
1144 3774 1248 3834 interro-

227 3849 319 3900 tionem
330 3861 379 3898 non
398 3844 535 3899 discedunt.
563 3843 648 3896 Partis
655 3844 712 3914 suae
760 3843 830 3911 ganti
853 3841 945 3912 pistori,
968 3842 1070 3895 velletne
1097 3842 1186 3894 durum
1215 3859 1247 3894 an

225 3917 260 3968 eli
272 3916 414 3986 litigatorie,
426 3932 471 3986 pro
482 3931 533 3982 quo
544 3912 641 3980 dicunt.
761 3913 835 3978 molle
851 3911 952 3981 subigi?
969 3911 1101 3982 respondit,
1119 3910 1184 3964 Bene
1199 3910 1247 3980 igt-

264 4001 307 4050 30·
325 3985 385 4056 qaid
391 3983 504 4053 exponet]
526 3985 619 4036 Verum
632 3999 713 4036 annon
761 3979 955 4038 mannlicet?
982 3983 1024 4033 Ae
1043 3979 1204 4032 ditacione
1221 3983 1248 4032 in
1316 4007 1320 4020 ·

305 4067 329 4108 et
345 4065 369 4106 et
386 4053 507 4106 nanando
523 4053 625 4121 augebit
636 4053 712 4106 male·
761 4051 795 4112 aqi
812 4049 904 4114 μιτρίυς
914 4051 993 4119 ponit.
1021 4051 1084 4102 Haec
1101 4067 1197 4102 monere
1209 4051 1248 4100 vi-

224 4123 251 4175 d'
293 4121 645 4189 ,verbern‘injurianrnulier
658 4139 712 4174 ma.
761 4118 824 4180 sum,
836 4121 895 4188 quia
907 4121 980 4171 verba
991 4119 1066 4170 Fabii
1084 4121 1158 4170 etiam
1177 4118 1249 4170 aliter

224 4191 248 4244 le
270 4192 395 4245 trailatat
425 4193 481 4244 Non
511 4191 601 4260 Cynici
629 4201 657 4243 tu
689 4194 712 4244 ia
762 4189 818 4256 capi
838 4199 959 4260 poterant,
979 4187 1048 4260 quasi
1066 4189 1248 4260 reprehenderet

223 4259 289 4316 seila
299 4263 419 4325 narrabit,
431 4273 474 4316 aut
486 4260 565 4316 vitam
583 4271 646 4316 certe
682 4278 711 4332 y.
760 4255 927 4313 Aristotelem.
1119 4289 1122 4294 ,

764 4345 827 4413 04
