3022 4920
430 365 599 430 rnsrir.
621 360 825 428 oraton.
846 360 930 428 mn.
946 369 987 428 11.
1013 371 1059 456 gt.
1202 325 1263 460 ης

222 547 300 616 vero
312 545 333 574 ¹¹²
347 507 655 617 me'Lacedaemonii
669 544 766 620 atque
776 531 993 602 Athenienses
1017 531 1121 622 magis
1135 556 1263 607 .muve·,

224 617 299 698 rint,
323 642 419 705 quam
445 641 519 705 pop.
550 619 726 696 Romanus,
748 617 835 704 apud
863 640 960 706 quem
987 619 1109 684 summa
1136 619 1260 708 semper

173 720 209 789 ·9
223 707 399 769 oratoribus
416 705 554 802 dignitas
569 701 643 768 fuit.
687 703 846 790 Equidem
861 727 921 768 nec
935 704 1062 770 urbium
1078 703 1262 770 conditores'

221 813 293 854 reor
307 791 399 854 aliter
414 790 604 854 efleuurost
623 786 725 868 l'uiffe,
740 803 777 852 ut
791 812 873 876 vaga
887 789 943 854 illa
956 789 1134 854 multitudo
1158 791 1258 854 coiret

220 875 254 938 in
270 877 415 962 populat,
433 875 487 937 nisi
502 873 596 938 dabla
610 896 688 937 voce
703 875 885 938 commota:
909 897 968 939 nec
983 875 1093 962 legum
1114 889 1256 962 reperto-

167 1037 170 1042 ·
219 975 292 1024 res⁰
313 961 376 1024 fine
390 962 513 1026 sumina
528 959 557 1022 vi
574 957 683 1024 orandi
698 959 897 1044 consecutos,
914 973 951 1024 ut
973 960 1004 1024 se
1030 961 1083 1048 ipsi
1108 961 1261 1036 homines=

167 1046 259 1110 road
278 1045 461 1110 servitutem
478 1044 562 1132 juris
587 1043 826 1132 adstringerent.
872 1043 963 1112 Quin
986 1045 1057 1132 ipsa,
1073 1045 1147 1112 vita}
1171 1070 1255 1133 prae-

219 1135 324 1218 cepta,
335 1131 432 1196 etiam
448 1129 468 1194 fi
485 1144 596 1194 natura
610 1131 682 1196 suut
697 1131 838 1210 honesta,
851 1131 923 1218 plus
938 1145 1045 1195 tamen
1056 1131 1098 1196 ad
1112 1131 1255 1198 formau-

219 1217 275 1282 das
289 1230 413 1282 mentes
427 1215 545 1294 valent,
557 1216 702 1302 quoties}³
718 1215 989 1302 pulchritudinem
1006 1240 1111 1282 rerum
1128 1219 1261 1284 claritas'

218 1301 371 1378 orationis
386 1301 559 1366 illuminat.
605 1304 713 1367 Quare
728 1303 823 1366 etiam
841 1303 862 1364 fi
887 1303 1115 1392 murramque
1130 1317 1257 1389 partem

169 1443 172 1450 ⁴
217 1389 324 1452 valent
346 1387 442 1465 arme'
457 1385 628 1466 facundiae,
645 1410 708 1451 non
733 1401 841 1452 tamen
863 1388 904 1452 est
932 1411 1060 1474 aequum
1085 1388 1118 1452 id
1142 1389 1258 1456 haberi

163 1485 201 1536 11
218 1473 351 1552 malum,
367 1495 432 1560 quo
456 1474 538 1536 bene
561 1473 609 1536 uti
623 1472 712 1536 lieet.
756 1475 877 1538 Verum
902 1473 973 1536 haec
999 1474 1084 1560 apud
1108 1497 1163 1540 eos
1186 1475 1258 1540 for-2

134 1592 140 1604 ·
180 1571 183 1578 '
217 1559 313 1624 taffeq
328 1563 521 1646 quaera'ntur,
538 1558 594 1642 qui
610 1555 764 1642 summam
781 1557 1022 1624 rhetoricesad
1047 1560 1255 1645 persuadendi

216 1645 282 1708 vim
309 1645 498 1709 retulerunt.
545 1643 578 1706 Si
603 1665 679 1707 vero
702 1645 745 1706 est
769 1644 974 1712 benedicendi
988 1645 1130 1731 seientia,
1154 1669 1255 1732 quem

217 1751 276 1794 nos
292 1729 385 1794 finem
401 1729 573 1814 sequimur,
590 1742 627 1792 ut
642 1730 678 1792 fit
694 1743 790 1792 orator
804 1730 836 1792 in
853 1729 962 1815 primis
977 1731 1028 1792 uir
1050 1731 1161 1796 bonas.-
1184 1733 1256 1800 uti-.

162 1828 202 1877 12
216 1813 281 1878 lem
297 1831 382 1880 certe
398 1837 468 1880 eam
484 1812 564 1878 elle‘
580 1813 799 1896 confitendum
814 1816 868 1879 est.
897 1815 955 1878 -Et
977 1815 1084 1879 hercle
1099 1815 1178 1881 deus
1193 1817 1251 1882 ille

237 1899 371 1987 rinceps,
387 1922 500 1990 parens
519 1921 637 1978 rerum,
652 1900 886 1988 fabricatorque
901 1901 1026 1980 mundi,
1043 1901 1131 1966 nullo
1147 1903 1251 1989 magis

214 1923 380 2052 bominem
395 1984 547 2072 separavit
561 2009 581 2048 a
595 1987 718 2062 ceteris,
733 2009 805 2072 quae
824 1986 956 2072 quidem
978 1987 1125 2056 mortalia
1139 1987 1249 2068 essent,

161 2085 198 2152 13
212 2071 416 2150 animalibus,
433 2093 529 2159 quam
551 2069 680 2134 dicendi
700 2069 864 2136 facultate.
908 2073 996 2136 Nam
1019 2095 1152 2159 corpora
1175 2073 1249 2158 qui-.

213 2157 287 2222 dem
305 2156 540 2243 magnitudine,
558 2156 689 2236 viribus,
714 2157 875 2237 firmitate,
896 2157 1059 2244 patientia,
1080 2159 1255 2223 velocitate

211 2243 425 2328 praestantiora
439 2242 473 2306 in
488 2239 552 2305 illis
567 2241 665 2304 mutis
685 2242 852 2306 videmus:
886 2242 998 2306 eadem
1024 2243 1131 2308 minus
1153 2265 1252 2332 egere
1329 2322 1331 2328 Ι

212 2350 249 2392 ac
271 2329 371 2392 uifitae
399 2325 593 2392 extrinsecus
622 2327 702 2414 opis.
747 2330 834 2408 Nam
866 2341 899 2393 et
926 2327 1052 2415 ingredi
1083 2329 1189 2410 eitius,
1215 2343 1253 2396 et
1300 2389 1305 2398 ,

234 2351 305 2490 alei,
321 2425 355 2478 et
369 2426 491 2478 tranare
506 2434 614 2498 aquas,
631 2413 709 2476 citra
724 2412 906 2490 docentem,
922 2427 1035 2478 natura
1053 2413 1117 2500 ipsa
1132 2415 1254 2480 sciunt..

158 2511 200 2575 14
211 2435 254 2564 bt
277 2499 426 2586 pleraque
452 2512 563 2562 contra
584 2497 686 2583 frigus
713 2521 752 2565 ex
775 2497 830 2566 suo
856 2521 988 2584 corpore
1014 2497 1198 2579 vestiuntur,
1213 2515 1247 2564 et

212 2596 321 2652 arma⁵
338 2583 389 2648 his
403 2583 548 2671 ingenita
562 2583 721 2670 quaedam,
737 2598 771 2650 et
785 2606 825 2649 ex
839 2585 936 2651 obvio
953 2583 1017 2648 fere
1033 2583 1134 2650 vietus
1151 2609 1159 2649 ι
1182 2585 1246 2650 cir-

243 2777 263 2801 ¹¹¹
282 2790 323 2820 orn.
334 2771 398 2820 Jens.
489 2781 503 2808 ¹¹
519 2771 643 2820 affetluros
654 2770 716 2818 leni.
729 2782 750 2818 er
764 2771 816 2820 Cod.
829 2773 905 2835 Regii.
994 2778 1006 2803 ⁰
1024 2782 1127 2822 oratores
1138 2774 1168 2822 G.
1179 2775 1244 2824 Jens.

210 2835 302 2900 ’.mud
318 2837 449 2884 admirabile
467 2837 614 2898 consequens
631 2837 743 2883 licerium
760 2837 833 2895 babet,
846 2851 867 2884 cr
882 2836 964 2904 quotics
981 2838 1075 2885 ocdurrr'r
1094 2839 1198 2898 quoties,
1211 2839 1255 2887 G.'

211 2902 337 2949 ‘lforsllan
349 2903 379 2950 G.
390 2903 454 2950 lens.
521 2901 658 2948 'eliceam
670 2903 700 2948 G.
768 2904 867 2950 sannis
879 2903 1027 2963 ingenitaG.
1045 2913 1067 2949 rr
1077 2903 1108 2950 al.
1121 2904 1192 2952 MSS.
1204 2914 1242 2965 ap.

209 2967 267 3015 Bur.
279 2967 402 3033 quodfarrr
412 2983 454 3013 nor
464 2965 589 3030 abfimium,
602 2966 666 3030 quast
675 2968 700 3013 in
712 2964 785 3014 armis
794 2963 858 3016 nata.
872 2968 930 3015 ‘Vid.
942 2967 972 3013 ad
983 2981 1007 3024 a,
1023 2978 1060 3025 17,
1075 2979 1113 3026 13.
1126 2983 1166 3016 no.
1178 2983 1214 3016 m.

246 3145 287 3180 ιο.
306 3147 350 3198 quo
361 3127 419 3180 berre
430 3127 467 3180 uli
476 3126 540 3194 licet]
561 3130 652 3180 Vereor
669 3140 699 3180 ut
718 3143 720 3150 ·
748 3129 872 3191 dedimus,
890 3119 966 3200 liutet,
979 3128 1067 3181 utilem
1084 3128 1137 3191 elle,
1148 3129 1253 3184 bonam·

207 3197 299 3267 aliquis
308 3217 322 3250 e
332 3200 439 3250 Socratis
449 3197 529 3250 schola
539 3197 698 3268 philosophus
748 3199 801 3250 elle.

207 3267 249 3320 hie
272 3268 394 3334 subjiciat,
417 3286 448 3319 ne
477 3269 571 3320 bonum
597 3268 699 3336 quidem
786 3287 828 3319 12.
846 3285 898 3338 qrae
916 3269 1011 3339 quidem
1022 3267 1138 3322 mortalia
1155 3270 1238 3339 efflat]

207 3336 260 3398 etse,
273 3355 324 3405 quo
335 3338 445 3390 malenti
462 3337 554 3406 aliquis
567 3337 653 3407 poffit:
673 3348 701 3403 et
748 3339 855 3397 Notum,
883 3338 914 3392 de
943 3350 1053 3392 veterum
1082 3342 1240 3406 quorundam

207 3406 319 3475 alioquin
339 3425 431 3460 venena
451 3409 536 3469 etiam,
558 3419 582 3458 et
602 3407 698 3458 calum-
747 3407 864 3460 sententia
883 3407 966 3468 solem,
978 3407 1122 3469 llellas,rsse
1143 3410 1239 3461 anima-

206 3477 265 3537 niae,
278 3489 303 3528 et
313 3477 375 3532 nibil
386 3495 434 3530 non
446 3478 569 3530 malorum
578 3476 619 3537 est,
632 3477 707 3530 unde·
748 3477 790 3537 lia,
802 3490 827 3528 et
839 3489 930 3540 tamen,
942 3495 1097 3546 quaecunque
1115 3477 1186 3548 supra
1198 3478 1250 3542 lu·¹

206 3561 256 3600 non
267 3565 358 3617 magna
367 3550 407 3600 vis
419 3550 479 3600 boni
491 3560 514 3599 et
533 3547 696 3598 commodita-
746 3565 802 3598 nam
815 3547 880 3609 sunt,
894 3546 1053 3599 immortalia.
1069 3582 1071 3588 .
1245 3598 1249 3606 ,

207 3615 240 3666 tia
252 3617 330 3668 redire
339 3617 369 3668 ad
382 3617 479 3686 aliquos
492 3615 573 3686 polin.
637 3633 640 3638 ·
783 3633 824 3681 13.
835 3616 902 3668 Narrr
911 3627 1013 3685 corpora
1038 3617 1130 3682 uidem]
1140 3620 1248 3670 Locum.

217 3733 222 3746 ,
244 3703 287 3736 rr.
305 3689 458 3756 quarantur]
486 3688 542 3738 Viri
561 3684 639 3745 dotti,
651 3687 696 3752 qui
744 3684 815 3738 illum
833 3704 989 3738 communem
1007 3636 1130 3756 eleganter
1148 3689 1250 3750 tradat¹

205 3765 342 3822 querantur
370 3757 480 3818 mallent,
504 3774 551 3806 non
580 3755 697 3807 videntur
744 3756 844 3807 Plinius
856 3757 978 3824 prooemio
989 3755 1046 3807 libri
1059 3757 1165 3826 septimi.

206 3825 342 3886 attendilse,
353 3836 497 3895 quartantur
512 3825 552 3877 hic
565 3826 630 3875 idem
641 3825 695 3886 else,
784 3843 825 3888 14.
849 3825 1001 3894 vaffiuntur]
1027 3825 1086 3876 Illas
1105 3827 1179 3878 vestes
1200 3828 1251 3891 iffi:

205 3895 274 3961 quod
285 3896 316 3945 de
334 3896 373 3947 his
391 3897 542 3965 ambigatur,
554 3894 705 3955 dubitetur,¹
744 3907 840 3956 enarrat
852 3896 870 3946 l.
884 3913 907 3946 c.
919 3895 1017 3948 Plinius
1028 3918 1035 3960 ;
1049 3895 1148 3946 Galeris
1158 3897 1238 3948 varie

206 3963 697 4034 iri-utramquepartemdisputetur.Qri
744 3974 884 4032 tegumenta
904 3964 1000 4027 tribuit,
1022 3965 1103 4035 testas,
1128 3965 1249 4027 forticen·

206 4031 277 4084 aliter
287 4051 390 4101 quama
405 4036 478 4089 nobis
495 4033 590 4087 i'atlum
609 4033 708 4088 affini:
744 4032 823 4095 coria,
838 4033 936 4112 spinas,
960 4035 1044 4096 villos,
1062 4036 1142 4103 fetas,
1163 4035 1235 4102 piros,

205 4113 277 4160 erunt
288 4103 455 4166 rhetoricen‚a
473 4104 508 4156 ud
520 4104 565 4156 hos
576 4103 618 4156 dis
630 4105 705 4157 utari,
740 4103 863 4170 plumam,
883 4113 985 4166 aranas,
1004 4105 1134 4176 'squamae
1151 4105 1236 4158 ruello

206 4172 292 4240 pritest,
304 4121 473 4240 utiliarreſsld
488 4173 550 4225 bona
561 4123 629 4241 ⁷18AE
639 4173 699 4225 rhe·
744 4188 786 4228 ra.
861 4201 869 4214 ·
1051 4207 1055 4214 ·

201 4239 299 4303 rugire?
308 4244 380 4314 apud
391 4260 436 4326 uqs
447 4261 478 4298 ex
489 4243 541 4314 ipso
553 4243 609 4307 fine,
621 4253 710 4326 quem:

250 4330 338 4376 ΥΟΕ.
358 4329 386 4380 1.
783 4332 812 4378 Κ
