3022 4920
266 379 310 472 ot
497 372 1074 492 mraarroumcmtmur‘

265 573 363 644 quam
377 553 486 622 Graeci
501 555 649 638 ἐγκύκλιον
662 553 786 618 παιδείαν
796 569 812 598 0
827 566 952 621 vocant.
997 555 1083 620 Nam
1105 549 1216 619 iisdem
1229 552 1330 625 seres

263 641 357 706 arinis
380 641 514 706 aliarum
540 665 669 729 quoque
697 637 931 728 disciplinarum
960 640 1060 706 studia
1088 639 1297 726 ingredienda

262 727 359 814 sunt:
383 749 468 815 qua,
488 727 564 814 quia
585 743 619 792 et
639 727 711 814 ipsae
735 741 818 792 artes
840 727 923 806 sunt,
940 741 974 791 et
995 727 1054 792 esse
1078 725 1216 812 persefla
1233 726 1297 792 fine

264 809 317 875 bis
332 811 444 876 orandi
458 809 588 877 scientia
612 835 676 876 non
697 814 808 892 potest,
823 833 883 877 nec
908 813 1014 878 rursus
1036 811 1075 875 ad
1091 810 1297 875 efficiendum

265 911 422 961 oratorem
440 899 513 962 satis
529 899 635 962 valent
649 898 742 976 solae;
765 921 804 961 an
821 898 881 962 smt
894 899 972 963 huic
994 897 1081 984 operi
1096 895 1294 961 necessariae?

290 983 432 1046 uaeritur.
476 984 562 1048 Nam
591 984 680 1070 quid,
706 983 871 1070 inquiunt,
896 983 937 1047 ad
965 982 1122 1071 agendam
1148 982 1330 1070 caussam,'3

264 1003 474 1132 dicendamve
491 1069 678 1132 sententiam
693 1069 842 1154 pertinet,
853 1069 942 1148 scire,
955 1067 1225 1156 quemadmodum
1238 1067 1297 1131 in?

266 1152 342 1217 data
372 1153 456 1217 linea
483 1155 627 1218 constitui
656 1153 816 1241 triangula
844 1154 944 1241 aequis
972 1155 1126 1219 lateribus
1199 1153 1295 1216 ffiutl

266 1239 338 1303 Aut
352 1261 418 1324 quo
433 1238 549 1304 melius
565 1239 614 1304 vel
628 1238 779 1304 desendet
791 1261 895 1319 reum,
909 1239 960 1304 vel
981 1247 1072 1328 reget
1086 1260 1146 1302 con
1159 1237 1225 1317 rlia,
1240 1237 1297 1324 qui

267 1323 399 1388 citharae
423 1325 515 1388 sonos
540 1325 723 1389 nominibus
747 1337 781 1388 et
804 1325 910 1411 spatiis
933 1324 1128 1389 distinxerit?
1154 1325 1332 1405 Enume-4

267 1422 340 1473 rent
353 1409 451 1473 etiam
465 1409 589 1474 fortasse
606 1410 739 1489 multos,
758 1409 936 1496 quamlibet
950 1411 1046 1476 utiles
1060 1409 1141 1489 sore,
1156 1409 1212 1496 qui
1237 1429 1297 1473 uec

267 1495 465 1562 Geometren
479 1495 692 1574 audiverints,
708 1517 768 1560 nec
784 1495 924 1560 Musrcos
935 1509 959 1576 ¹,
975 1495 1028 1559 nist
1051 1495 1111 1559 hac
1132 1493 1298 1558 communi

267 1580 429 1666 voluptate
451 1581 588 1660 aurium,
603 1581 797 1668 intelligant.
841 1581 972 1646 Quibus
990 1603 1054 1669 ego
1075 1579 1215 1667 primum
1235 1579 1299 1644 hoc

265 1665 450 1752 respondeo,
474 1667 560 1754 quod
575 1679 633 1730 et‘
655 1669 706 1730 M.
719 1667 835 1730 Cicero
858 1666 973 1752 scripto
995 1667 1036 1731 ad
1057 1667 1194 1730 Brutum
1215 1665 1301 1730 libro

266 1750 466 1838 frequentius
480 1753 620 1830 testatur,
637 1773 700 1816 non
725 1760 818 1816 eum‘
834 1753 962 1816 anobis
987 1751 1106 1816 institui
1128 1763 1298 1832 oratorem,

268 1837 327 1924 qui
362 1837 410 1916 fit,
445 1851 501 1902 aut
528 1837 642 1902 suerit:
682 1837 736 1901 sed
769 1837 943 1923 imaginem
972 1837 1145 1924 quamdam
1181 1857 1298 1901 conce·

267 1919 343 2008 pisse
372 1943 431 1985 nos
467 1922 575 1986 animo
603 1922 735 2009 persedli
762 1921 861 2002 illius,
887 1945 927 1986 ex
954 1923 1044 1987 nulla
1062 1931 1153 2008 parte
1179 1921 1297 1986 celsan·
1336 1996 1339 2004 ¹

266 2007 322 2071 tis.
366 2005 450 2070 Nam
474 2021 507 2072 et
528 2008 721 2095 sapientem²¹
743 2007 916 2072 formantes
930 2031 1018 2088 eum,
1034 2008 1089 2094 qui
1113 2008 1149 2070 stt
1169 2005 1331 2091 futurus3

267 2091 507 2157 consummatus
529 2093 685 2182 undique,
706 2106 739 2157 et
764 2097 814 2175 (ut
841 2093 966 2177 dicunt)
994 2091 1137 2156 mortalis
1165 2091 1297 2178 quidam

269 2177 361 2253 deus,
377 2199 439 2240 non
457 2178 556 2242 modo
572 2179 758 2266 cognitione
772 2177 945 2248 coelestium
970 2177 1020 2242 vel
1034 2175 1217 2240 mortalium
1233 2199 1296 2276 pu·

268 2275 342 2326 taut
362 2261 610 2342 instituendum3
633 2264 685 2330 sed
708 2285 765 2350 per
789 2262 936 2350 quaedam
960 2285 1054 2349 parva
1077 2262 1163 2343 sane,
1186 2262 1206 2324 li
1232 2262 1298 2350 apsa

270 2345 403 2411 demum
417 2348 562 2427 aestimes,
579 2350 712 2429 ducunt,
723 2351 801 2412 ficut
814 2340 983 2434 exquisitas
993 2347 1120 2412 interim
1133 2347 1297 2434 ambigui·

268 2441 366 2497 tates:
390 2453 454 2497 non
465 2434 544 2582 puia
557 2435 770 2499 Ceratinaeaut
783 2434 999 2499 Crocodisiaae¹
1012 2433 1125 2520 poffint
1139 2431 1297 2498 sacercsa'-

268 2519 463 2668 piantem,se
492 2519 567 2606 quia
577 2521 667 2584 illum
680 2519 763 2583 nein
772 2517 1204 2620 minimisquidemoporteat
1214 2516 1296 2585 falli.
1358 2547 1362 2558 ¹

295 2604 427 2668 imiliter
440 2618 596 2670 oratorem
615 2606 684 2694 (qui
699 2605 796 2668 debet
806 2603 866 2669 esse
877 2603 1009 2691 saptens)
1024 2627 1088 2669 non
1106 2605 1297 2669 Geometras
1310 2602 1355 2666 6„

268 2687 365 2754 saciet
375 2699 398 2768 ²,
413 2703 469 2753 aut
488 2691 641 2770 Muficus,
655 2711 791 2776 quaeque
806 2689 857 2753 his
870 2690 932 2754 alia
945 2691 1133 2780 subjungam
1147 2715 1156 2768 3
1179 2687 1231 2754 scd
1246 2687 1299 2754 bae‘

268 2795 313 2862 qu
381 2789 513 2854 cartes,
529 2789 567 2839 ut
590 2776 626 2839 fit
648 2776 896 2855 consummatus
915 2777 1088 2865 juvabunt.
1132 2774 1201 2840 Nifi
1214 2773 1300 2839 sorte·

268 2861 335 2923 anti
358 2872 450 2924 otum
463 2861 608 2947 quidem,
621 2873 717 2947 atque
742 2861 813 2941 alia,
829 2883 902 2960 quae
925 2864 1065 2928 morbis·
1078 2871 1135 2925 aut
1149 2860 1296 2927 'vulneri-
1336 2930 1339 2934 ,

268 2945 330 3010 bus
345 2945 525 3027 medentur,
539 2969 579 3012 ex
593 2947 715 3027 multis,
728 2960 824 3034 atque
839 2949 968 3013 mterim
983 2945 1150 3013 contrariis
1165 2957 1299 3032 quoque'

301 3131 316 3161 ⁰
332 3131 373 3180 Sic
382 3131 413 3180 G.
432 3143 454 3179 et
463 3133 546 3195 Stepb.
566 3133 752 3194 ranimirum
762 3133 794 3182 a'l.
857 3139 926 3181 Pom.
944 3131 976 3180 G.
988 3133 1063 3188 Reae,
1076 3140 1147 3193 puto:
1163 3139 1221 3178 certe
1240 3129 1298 3177 eain
1335 3145 1345 3152 ·‘

269 3197 325 3245 data
343 3197 408 3245 linea
429 3198 565 3260 carpsituitur
586 3198 722 3261 triangulum
741 3196 913 3263 equitatorum
930 3198 955 3243 in
974 3199 1029 3244 duta
1047 3197 1119 3252 linea,
1140 3195 1295 3260 aequicrurrm.
1326 3211 1329 3214 ·

269 3263 443 3310 'audiverunt
459 3263 489 3310 G.
506 3273 529 3308 et
544 3263 576 3310 al.
641 3263 789 3310 rMusicam
801 3263 832 3310 G.
896 3271 963 3308 ὀνκ.
975 3262 1007 3309 G.
1071 3260 1164 3308 tenim
1180 3259 1298 3308 senteh-

268 3331 356 3390 gan‘rer.
422 3336 433 3362 υ
451 3327 565 3388 sapientes
578 3327 608 3375 G.
620 3346 634 3374 a
640 3329 716 3390 primia
727 3344 802 3381 manu,
815 3337 840 3372 ut
853 3326 907 3374 MS.
918 3327 986 3374 Joan.
998 3325 1034 3388 ap.
1047 3327 1128 3374 Burma
1192 3331 1203 3356 ¹
1223 3327 1300 3373 Acro:

270 3391 352 3438 dilinae
363 3391 393 3439 G.
459 3393 605 3440 ‘saciatGr
667 3392 771 3439 ¹otulis
781 3391 811 3439 G.
820 3391 886 3438 lens.¹

200 3558 203 3563 ·
307 3531 761 3612 ro,3.spatt'isdistsnxerst]llespidit
808 3538 1165 3610 elegantietlucidaoratione
1176 3537 1317 3609 explicata'

271 3608 303 3662 ad
315 3611 474 3660 monochordi
482 3613 611 3672 maionem,
624 3612 694 3676 cujus
708 3611 760 3680 spa·
809 3610 852 3662 illa
863 3610 1026 3680 sophismata,
1037 3621 1062 3660 et
1073 3610 1206 3661 extricatos
1219 3609 1298 3662 nodos

270 3680 314 3730 tiis
326 3689 350 3729 et
362 3680 528 3748 portionibus,
540 3692 568 3732 ur
578 3692 661 3732 motus
679 3696 707 3732 ae
722 3681 759 3734 vi·
808 3678 831 3731 le
850 3697 889 3732 ere
907 3679 989 3749 cupis,
1002 3678 1041 3732 sac
1058 3691 1087 3730 ut
1100 3679 1215 3748 inspicias
1233 3678 1297 3748 poli·

269 3747 393 3800 brationea
410 3747 508 3801 chordae
525 3749 652 3812 differant,
663 3748 694 3802 src
706 3762 760 3801 tota
808 3699 908 3804 tidrmas
921 3751 942 3801 F
943 3749 1056 3802 acciolati
1067 3749 1097 3800 de
1110 3767 1138 3800 eo
1150 3761 1300 3818 argumento

270 3829 385 3870 tonorum
399 3820 462 3868 ratio
470 3821 618 3870 continetur.
807 3818 965 3890 prolufiones,
987 3835 1049 3890 quas
1070 3836 1121 3870 uno
1142 3816 1205 3869 fasce
1227 3835 1296 3870 com·

307 3906 332 3953 5.
349 3885 478 3958 exquisitas
486 3887 670 3956 ambiguitates]
679 3887 759 3940 sidem
807 3889 944 3959 prehensm,
961 3901 991 3941 ut
1009 3885 1066 3941 edat
1082 3890 1121 3941 vir
1135 3887 1297 3950 dosiiffirnusa

269 3958 386 4010 nimirum
406 3957 492 4018 Stoici,
507 3970 614 4027 quorum
634 3959 758 4028 splendida
806 3975 856 4010 non
867 3977 894 4010 ro
913 3965 989 4020 a'rem,
1001 3959 1040 4011 sed
1052 3957 1101 4028 ipse
1112 3956 1229 4009 studiosos
1240 3969 1296 4010 mu·

271 4028 332 4080 adeo
342 4027 375 4079 est
393 4027 424 4077 de
435 4026 479 4077 suo
496 4026 602 4098 sapiente
612 4029 758 4098 disputatio,
807 4045 864 4081 nere
876 3978 919 4080 its>
937 4028 1074 4090 adficerem,
1086 4019 1132 4080 nifi-
1142 4044 1218 4079 unam
1234 4027 1297 4078 alte'-

269 4097 380 4150 audlores
402 4097 478 4152 etiam
501 4096 556 4150 sunt
581 4109 606 4150 et
634 4114 758 4170 praecones
806 4110 909 4168 tamque
928 4098 1038 4160 illarum,
1056 4115 1114 4150 cum
1133 4111 1218 4150 omues
1234 4095 1297 4150 mibi

269 4165 413 4238 laqueormn
426 4165 524 4218 illorum
536 4179 562 4220 et
576 4167 756 4240 decipularum,
806 4167 899 4221 miserit
920 4170 960 4220 vir
991 4167 1173 4238 celeberrimus,
1196 4165 1299 4222 sonum

268 4235 403 4308 dequibus
420 4234 501 4294 multa
519 4249 622 4296 veteres.
659 4239 759 4311 Siquis
805 4238 869 4292 mibi
881 4230 1012 4294 invidisset.
