3022 4920
447 433 617 497 INSTIT.
638 435 840 498 ORATOR.
863 432 948 497 Lm.
968 435 1010 497 11.
1031 448 1061 518 5.
1241 439 1285 517 §9

210 601 309 688 §que
334 620 447 666 eorum
469 598 559 680 velit,
583 599 680 665 libriu
704 599 834 666 letiioni
859 599 1045 666 deserviant.
1089 599 1176 665 Nam
1200 599 1283 665 mihi

243 707 320 750 cum
344 685 482 765 facilium
498 699 568 750 tum
592 686 690 750 etiam
710 687 818 751 multo
831 687 936 786 magis
951 687 1076 751 videtur
1090 685 1182 765 utile,
1197 685 1283 750 satio

242 771 366 836 filentio
381 795 482 836 unum
498 771 638 872 aliquem
659 777 670 856 (
694 773 759 836 uod
774 771 877 858 ipsum
892 771 1039 858 imperari
1054 791 1112 859 per
1125 771 1210 836 vices
1224 793 1282 860 op·

242 855 360 922 timum
387 859 443 938 est)
468 851 657 922 constituite
672 796 846 936 iodiorem,
870 870 908 921 ut
929 859 1074 944 protinus
1096 855 1281 944 pronuntio-

209 941 324 1027 7tioni
345 965 477 1030 quoque
503 941 692 1008 assuescant:
730 956 802 1007 tum
826 944 963 1030 exposita
987 942 1098 1020 cautla,
1125 942 1158 1005 in
1185 964 1283 1028 quam

241 1027 355 1128 scripta
374 1029 501 1116 legetur
523 1029 625 1092 oratio
650 1030 736 1112 (nam
754 1029 793 1092 fic
817 1027 944 1108 elarius,
961 1051 1035 1177 quoe
1057 1028 1216 1105 dicentur,
1232 1027 1282 1090 in-

242 1113 311 1177 telli
338 1113 345 1128 ‘
362 1113 538 1200 poterunt,)
555 1113 636 1177 nihil
650 1115 787 1178 otiosum
802 1114 880 1200 pati,
894 1135 960 1200 quo
984 1115 1088 1200 quein
1103 1113 1283 1194 inventione,

242 1221 308 1285 quo
331 1221 395 1284 que
409 1199 443 1262 in
466 1199 622 1263 elocutione
645 1199 863 1263 adnotandum
884 1201 965 1263 erit:
990 1223 1063 1286 quae
1085 1199 1117 1263 in
1141 1200 1280 1286 prooemio

243 1283 437 1350 conciliandi
455 1284 576 1371 judicis
600 1285 701 1364 rati03
725 1307 798 1384 quae
821 1285 973 1349 narrandi
993 1285 1061 1364 lux,
1077 1285 1226 1363 brevium,
1241 1284 1282 1346 fl-

243 1369 322 1449 des;
347 1370 434 1458 quod
449 1369 623 1457 aliquando
637 1369 816 1448 confilium,
832 1383 865 1434 et
887 1393 985 1457 quem
1008 1369 1137 1434 occulte
1157 1369 1282 1434 callidi·
1322 1413 1325 1420 -

211 1454 314 1520 tras:
340 1477 479 1544 nemque
502 1478 540 1520 ea
563 1455 627 1520 sola
648 1457 681 1519 in
704 1455 768 1518 hoo
783 1477 831 1518 ars
850 1457 904 1534 est,
920 1468 993 1543 quae
1008 1455 1146 1542 intelligi
1162 1454 1216 1517 nisr
1240 1455 1281 1519 ab

243 1541 365 1606 artifice
380 1563 443 1605 non
459 1542 568 1628 poffit:
593 1553 714 1628 quanta
728 1541 902 1628 deinceps²¹
917 1541 951 1605 in
966 1541 1127 1605 dividendo
1142 1540 1283 1626 pruden-

242 1627 303 1706 tia,
320 1649 419 1714 quam
434 1614 559 1692 subiilis
574 1639 608 1690 et
631 1629 742 1691 crebra
756 1628 975 1714 argumentatio
989 1653 1000 1690 .·
1023 1627 1141 1714 quibus
1161 1626 1284 1690 viribus

243 1707 384 1798 inspiret,
402 1735 467 1799 qua
476 1712 683 1798 jucunditate
698 1712 914 1799 permulceat:
938 1726 1057 1800 quanta
1072 1713 1105 1776 in
1120 1711 1283 1776 maledictis

244 1798 405 1885 asperitas,
422 1799 454 1862 in
460 1799 539 1885 jocis
552 1798 735 1862 urbanitas:
759 1811 796 1862 ut
810 1797 948 1885 denique
968 1798 1152 1862 dominetur
1175 1797 1208 1860 in
1229 1797 1283 1883 of-

232 1883 378 1968 fettibm,
394 1895 491 1972 atque
514 1884 546 1947 in
571 1883 699 1969 pedore
722 1884 819 1947 irrum
844 1895 888 1962 at,
904 1884 1112 1970 animumque
1131 1881 1284 2030 p'udicum

209 1989 230 2054 9
245 1969 378 2033 fimilem
392 1969 442 2048 iis,
459 1993 533 2056 quae
547 1968 636 2047 dicit,
652 1970 779 2034 efficiat.
856 1991 910 2034 um
925 1969 958 2032 in
981 1969 1102 2032 ratione
1116 1993 1130 2030 e
1144 1968 1282 2055 oquendi,

243 2053 333 2140 quod
358 2056 491 2119 verbum
519 2056 695 2142 proprium,
717 2066 880 2134 ornatum,
901 2053 1060 2118 sublime:
1091 2053 1150 2118 ubi
1171 2053 1281 2150 ampli-

229 2139 340 2226 ficatio
364 2139 533 2219 laudanda,
556 2163 629 2226 quae
657 2140 756 2205 virtus
778 2141 808 2205 ei
834 2139 1013 2217 eontraria3
1044 2138 1124 2226 quid
1146 2137 1283 2225 specrose

243 2224 445 2313 tronflotum3
468 2247 543 2310 quae
553 2225 666 2313 figura
682 2227 872 2308 verborum3
896 2247 971 2313 quae
990 2225 1071 2289 lenis
1087 2237 1121 2288 et
1143 2222 1282 2324 quadra-

190 2327 231 2372 10
242 2321 288 2389 ta,
312 2311 389 2375 ²sed
411 2311 508 2376 virilis
531 2323 638 2376 tamen
662 2310 829 2400 compofitio.
872 2312 926 2376 Ne
949 2310 984 2375 id
1003 2309 1132 2396 quidem
1153 2307 1281 2388 inutile,

242 2397 342 2460 etiam'
362 2409 528 2482 corruptae
548 2396 717 2495 aliquando
738 2408 771 2460 et
792 2396 917 2461 vitiosas
941 2397 1112 2475 orationes,
1128 2417 1206 2480 quas
1231 2406 1283 2458 ta·

242 2504 317 2546 meu
341 2482 486 2569 plerique
506 2480 703 2568 judiciorum
726 2482 881 2568 pravitate
903 2482 1071 2561 mirantur,
1087 2481 1154 2568 legi
1177 2479 1283 2566 palam

242 2567 360 2652 pueris,
374 2567 559 2665 ostendique
575 2567 608 2630 in
624 2567 686 2645 his,
703 2589 799 2655 quam
816 2566 919 2631 multa
937 2566 1120 2654 impropria,
1137 2565 1281 2646 obscura,

242 2651 379 2731 tumida,
400 2652 548 2732 humilia,
569 2652 705 2732 sordida,
731 2652 857 2731 lascive,
882 2653 1063 2717 effeminata
1090 2653 1170 2715 sint:
1208 2672 1283 2738 quae

243 2759 309 2801 non
336 2738 512 2804 laudantur
538 2738 639 2803 modo
665 2761 684 2802 a
729 2737 876 2826 lorisque,
902 2738 956 2802 sed
986 2737 1089 2824 (quod
1115 2738 1207 2826 pejus
1222 2737 1278 2814 est)

192 2841 226 2890 11
266 2837 372 2911 ropter
386 2808 460 2888 ⁷iroc
487 2823 600 2910 ipsum,
629 2759 729 2911 quoti
743 2823 816 2888 sunt
841 2845 946 2910 prava,
969 2823 1148 2887 laudantur.
1193 2823 1283 2886 Nam

243 2846 344 2973 iermo
358 2910 474 2988 retius,
490 2921 524 2973 et
545 2908 720 2974 secundum
736 2921 882 2974 naturam
905 2910 1101 2988 enuntiatum
1117 2905 1199 2971 nihil
1221 2899 1282 2970 ha‘·

243 2993 320 3059 bere
343 3017 384 3059 ex
406 2995 538 3082 ingenio
560 2994 711 3061 videtur:
736 2993 790 3058 illa
803 2998 899 3074 uere,
925 3017 998 3082 quoe
1022 3007 1199 3081 utcumque
1221 2993 1280 3058 de-

244 3081 327 3144 flexa
352 3081 438 3158 sunt,
462 3093 628 3166 tamquam
654 3079 856 3168 exquisitiora
880 3080 1056 3144 miramur:
1093 3101 1158 3142 non
1188 3078 1281 3143 aliter

245 3187 342 3252 quam
364 3165 513 3246 distortis,
528 3179 562 3230 et
585 3187 791 3254 quocumque
811 3164 911 3230 modo
934 3165 1121 3256 prodigiosis
1138 3165 1280 3252 corpori·
1369 3243 1371 3248 ,

278 3383 290 3410 Π
306 3391 348 3422 orn.
361 3376 392 3424 G.
405 3385 426 3422 et
430 3377 503 3440 ‚potest
513 3375 591 3442 obesse,
603 3387 671 3443 atque
682 3375 781 3441 intelligi
790 3376 891 3428 audieris
900 3375 943 3425 vel
951 3375 1078 3438 scriptoris.
1122 3380 1134 3406 ¹
1153 3374 1239 3423 deinde
1250 3366 1282 3423 (i.

246 3443 259 3472 ²
278 3441 393 3502 quadrata
403 3442 442 3489 sed
457 3459 498 3490 om.
511 3442 543 3489 G.

284 3619 309 3665 7.
322 3600 385 3654 nibil
393 3602 490 3684 otiosttm
497 3603 566 3672 poti]
582 3598 653 3654 Nihil
663 3564 740 3653 trans·
789 3603 921 3675 teiligeret.
955 3603 1140 3675 Qadratorum
1168 3599 1281 3670 lapidum
1327 3616 1334 3658 ἵ
1363 3589 1392 3627 3

246 3669 353 3735 mittere,
381 3689 452 3738 cujus
474 3691 524 3725 non
546 3674 598 3725 vim
622 3671 740 3735 declares,
790 3674 952 3726 commissurae
964 3685 1049 3724 tenues
1060 3683 1085 3721 et
1097 3673 1211 3722 lateritesi
1231 3672 1282 3742 igi·
1362 3681 1390 3692 ⁴·

247 3742 317 3806 cujus
329 3759 378 3796 non
390 3743 461 3796 usum
478 3753 503 3795 et
523 3745 644 3796 rationem
662 3742 740 3794 elien·
790 3737 970 3814 turquadrdta
981 3739 1108 3809 compoſstio
1126 3738 1187 3792 lenit
1197 3740 1283 3792 eadem

246 3809 302 3862 dae.
789 3813 832 3875 est,
844 3813 947 3864 minime
963 3809 1117 3880 confragosa,
1130 3811 1154 3860 in
1171 3826 1223 3880 qua
1241 3809 1282 3863 ni·

282 3883 310 3934 8.
328 3881 413 3954 quibus
430 3880 531 3936 viribus
550 3881 664 3954 inspiret]
696 3885 741 3938 An
789 3881 898 3943 hiltrici,
913 3881 951 3933 sed
968 3891 1026 3950 apte
1036 3881 1121 3932 omnia
1132 3890 1281 3949 congruont.

248 3949 279 4000 ad
299 3951 449 4014 ἐνθυσιασμόν
465 3954 603 4004 oratorium
626 3957 741 4024 pertinet,
828 3971 870 4005 ιι.
882 3949 1169 4022 dz'Jiortis-corporr'bud
1189 3949 1283 4020 Elaga-

248 4019 293 4086 qui
305 4021 452 4088 contagione
464 4021 532 4092 quati
544 4021 652 4090 quadam
665 4026 742 4077 trans.
790 4022 842 4074 hali
861 4039 946 4074 coenas
966 4031 991 4072 et
1013 4019 1102 4072 similes
1120 4018 1283 4072 monstrorum

249 4087 270 4138 it
288 4088 319 4138 ad
332 4089 470 4154 audientes,
482 4103 511 4144 ut
523 4103 548 4144 et
565 4091 609 4163 ipsr
625 4093 742 4144 &ultuma
791 4104 912 4144 amatores
925 4089 1065 4142 laudantad
1077 4089 1102 4140 h.
1113 4088 1131 4140 l.
1145 4090 1193 4142 viri
1202 4087 1282 4140 dotti.

247 4155 394 4212 rideantur?
791 4163 827 4214 Et
854 4173 919 4214 notre
942 4161 998 4212 sunt
1021 4161 1184 4211 recentiorum
1206 4159 1283 4212 etiam

285 4245 312 4293 9.
340 4228 469 4297 quadrata
499 4227 641 4298 compositio]
669 4229 744 4282 Forte
793 4232 936 4303 principum
948 4231 1013 4286 cirta
1024 4245 1102 4282 nenos
1113 4227 1219 4284 deliciet.

248 4294 329 4349 omisit
340 4296 433 4373 aliquio
444 4315 540 4362 vocem,
557 4317 635 4369 quom
645 4317 695 4354 non
706 4302 744 4354 in·

784 4387 848 4456 Μ,
