3022 4920
265 401 305 483 9³
500 397 545 464 or.
567 404 689 464 rann
711 403 1082 474 uurncrrnmnr,

308 567 350 630 V.
386 565 449 632 Sed
472 557 512 632 de
535 567 658 634 ratione
680 567 877 634 declamandi
902 569 969 655 post
992 567 1122 656 paullo:
1155 570 1298 655 interim,

288 652 341 718 nia
356 652 458 740 prima
472 653 646 718 rhetorices
661 655 842 720 rudimenta
855 656 1039 736 tradamus,
1055 679 1119 720 non
1145 659 1298 724 omitten-

261 675 343 804 dum
356 738 482 802 videtur
497 738 529 802 id
545 761 686 840 quoque,
701 754 738 806 ut
754 762 915 821 moneam,
931 754 1088 826 quantum
1106 742 1141 806 lit
1160 744 1297 810 collatu·

263 845 318 888 rus
341 823 382 888 ad
398 823 575 910 profcdtum
599 827 789 892 discentium
809 827 927 906 rhetor,
943 827 976 904 si,
992 827 1264 912 quemadmodum
1279 852 1299 917 a

170 928 173 937 ’
287 909 482 974 rammaticis
496 911 636 1000 exigitur
650 923 813 1000 poctarum
836 913 1004 990 enarratio,
1020 911 1066 976 ita
1079 912 1145 1000 ipsc
1191 937 1298 998 unque

262 931 409 1074 bistoriae,
424 1009 522 1083 atquc
537 999 635 1062 etiam
659 999 762 1086 magis
777 998 958 1061 orationum
981 997 1119 1062 ledione
1139 998 1157 1061 s
1186 1015 1297 1088 ceptos

262 1102 282 1143 a
303 1081 335 1144 se
357 1079 527 1180 discipulos
549 1083 743 1147 instruxerit:
770 1082 857 1170 quod
881 1105 939 1146 nos
964 1083 996 1146 in
1020 1082 1142 1168 paucis,
1158 1107 1297 1171 quorum
1334 1093 1339 1100 '

261 1165 295 1229 id
310 1179 386 1231 aetas
400 1170 560 1254 exigebat,
576 1181 610 1233 et
624 1183 769 1254 parentes
791 1167 871 1232 utile
885 1168 945 1234 effe
968 1167 1178 1248 crediderant,
1194 1171 1295 1236 serra-

262 1252 380 1318 vimus.
428 1254 579 1318 Ceterum
602 1253 809 1320 sentientibus
826 1253 980 1342 jamtum
1003 1255 1136 1342 optima,
1153 1256 1224 1320 duae
1246 1269 1329 1324 rest

261 1336 493 1425 impedimento
507 1338 646 1417 suemnt,
660 1339 747 1425 quod
762 1352 795 1403 et
809 1339 906 1438 longa
920 1339 1119 1404 consuetudo·
1129 1340 1221 1405 aliter
1234 1342 1294 1408 do-

261 1423 355 1488 cendi
368 1424 484 1490 fecerat
493 1424 616 1512 legem:
633 1436 665 1488 et
674 1425 791 1490 robusti
800 1424 867 1490 fere
872 1447 1020 1512 juvenes,
1034 1445 1094 1490 nec
1103 1425 1192 1490 bunc
1202 1427 1294 1492 labo·

259 1531 327 1574 rem
341 1509 563 1588 defiderantes,
572 1510 754 1598 exemplum
769 1512 905 1574 nostrum
918 1511 1141 1598 sequebantur.
1158 1513 1231 1577 Nec
1244 1528 1293 1579 ta·
1306 1531 1326 1596 3

261 1596 565 1681 men⁸,fiquidnovi
575 1595 624 1660 vel
632 1595 904 1676 leroinvcniffem,
914 1587 1084 1683 praecipiere
1093 1595 1124 1659 in
1135 1599 1295 1684 posterum

260 1680 403 1767 puderet.
421 1683 519 1746 Nunc
531 1703 606 1746 vero
617 1681 681 1745 scio
694 1681 727 1745 id
739 1681 804 1745 fieri
814 1684 898 1768 apud
909 1685 1051 1762 Graecos,
1061 1682 1115 1746 sed
1124 1685 1228 1770 magis
1240 1707 1296 1770 per

260 1765 435 1852 adjutores:
452 1768 602 1854 quianon
620 1768 766 1832 videntur
780 1781 924 1854 tempora
934 1767 1112 1846 suffectura,
1125 1769 1294 1856 filegenti-
1350 1802 1353 1808 ·

259 1852 320 1915 bus
336 1851 464 1915 sinoulis
479 1853 587 1940 praeire
602 1853 655 1939 ipsi
671 1853 782 1921 velint.
806 1857 849 1916 Et
864 1853 970 1918 hercle
985 1853 1154 1939 praeledtio,
1172 1877 1244 1940 quae
1260 1856 1292 1918 in
1306 1876 1328 1938 4

259 1937 323 2000 hoc
339 1903 521 2016 adbibetun
537 1951 574 2002 ut
588 1939 680 2002 facile
695 1951 790 2024 atque
806 1940 949 2005 distincte
964 1939 1054 2024 pueri
1067 1939 1182 2024 scripta
1192 1940 1294 2005 oculis

260 2023 441 2109 sequantur,
455 2024 551 2088 etiam
565 2023 632 2103 illa,
648 2049 719 2110 quae
733 2024 796 2090 vim
809 2026 959 2113 cujusque
973 2023 1072 2102 verbi,
1087 2023 1107 2085 fi
1124 2025 1213 2110 quod
1229 2027 1291 2088 rni-

257 2129 318 2171 nus
333 2109 479 2172 usitatum
496 2098 627 2190 indidat,
641 2110 748 2194 docet,
762 2112 902 2175 multum
912 2108 993 2173 infra
1004 2109 1292 2176 rhetorisofficium

257 2193 463 2257 existimanda
476 2197 529 2258 est.
574 2197 622 2258 At
644 2197 854 2260 demonstrare
879 2197 1023 2272 virtutes,
1039 2193 1101 2273 vel,
1117 2193 1137 2256 fi
1184 2197 1323 2282 nando5

256 2277 303 2342 ita
315 2267 449 2357 inlidat,
465 2279 553 2360 vitia,
569 2281 602 2343 id
623 2281 817 2368 profeffionis
832 2282 902 2368 ejus
924 2293 1020 2366 atque
1045 2217 1194 2366 promitti,
1209 2291 1290 2380 qu0¹

258 2364 290 2426 fe
317 2365 501 2450 magistrum
530 2365 581 2430 elo
605 2365 722 2430 uentiae
751 2367 931 2453 pollicetur,
961 2365 1100 2430 maxime
1128 2387 1290 2452 proprium

258 2450 323 2513 eil:
347 2451 535 2538 ecquidem
555 2389 700 2531 vailidius,
717 2453 804 2539 quod
823 2475 887 2516 non
907 2451 1019 2538 utique
1041 2449 1129 2514 hunc
1149 2452 1290 2524 laborem

258 2534 445 2600 docentium
461 2537 594 2622 postulo,
612 2553 649 2603 ut
669 2537 709 2602 ad
723 2540 885 2626 gremium
907 2536 1075 2617 revocatis,
1090 2537 1182 2626 cujus
1204 2537 1290 2626 quis-

314 2721 468 2784 ⁸etiamins.
479 2724 511 2772 G.
576 2722 640 2772 tSt't
652 2725 682 2772 G.
693 2723 756 2773 lens.
770 2721 996 2788 etplores'bttrr'libri
1007 2726 1137 2788 ap.·13arm.
1149 2721 1191 2787 qui
1202 2721 1254 2786 al.¹
1301 2743 1339 2774 κ

257 2867 327 2920 Clar.
341 2869 441 2921 liberor.
455 2885 479 2921 c.
492 2889 519 2922 a.
537 2881 562 2922 et
580 2868 637 2922 inde
656 2870 746 2923 Hiero.
836 2888 860 2934 3.
875 2869 1068 2938 peradjutores]
1090 2867 1166 2920 Talis
1183 2865 1232 2919 fuit
1244 2869 1288 2920 At.
1341 2872 1343 2893 '

258 2940 288 2990 ad
301 2937 402 2992 Eulebii
414 2939 508 2996 Chron.
522 2939 565 2996 ΟΙ.
582 2957 680 3004 173,1.
797 2939 859 2992 telus
877 2938 1021 3008 Philologus,
1041 2936 1228 3007 declamantium
1244 2939 1289 2989 ad-

295 3029 320 3059 2.
342 3007 479 3078 exemplum
498 3008 601 3080 nostrum
611 3009 747 3080 sequeban-
791 3007 862 3076 'juror
872 3019 946 3080 atque
957 3019 1100 3078 preceptor,
1113 3019 1143 3057 ut
1155 3008 1187 3058 ab
1199 3007 1290 3058 Asinio

256 3080 311 3143 tur]
337 3081 393 3130 Hoc
416 3080 449 3130 est
468 3081 522 3130 ideo
542 3080 648 3130 scholam
669 3097 748 3132 meam
798 3079 909 3132 Pollione
927 3079 1066 3150 appellatur
1077 3077 1144 3146 apud
1161 3077 1245 3128 Sueto.
1259 3077 1289 3127 de

257 3149 457 3216 trequentabant,
470 3162 499 3200 ut
514 3149 692 3202 declamantem
710 3167 749 3202 me
800 3147 840 3200 lll.
855 3150 946 3200 Gram.
962 3167 1003 3200 10.
1025 3149 1071 3199 nbi
1082 3157 1232 3198 memoratur
1242 3149 1289 3198 eti-

156 3211 163 3232 ‘
255 3221 380 3280 audirent,
392 3230 416 3270 et
428 3219 567 3289 exemplum
587 3220 692 3274 dicentia
711 3219 747 3271 vel
797 3236 848 3280 am,
861 3219 959 3270 illuma
976 3219 1098 3288 Capitone
1115 3216 1206 3268 Atteio
1226 3216 1289 3284 (Pa-

258 3287 351 3340 infore
362 3289 401 3340 vel
421 3290 446 3340 in
464 3291 554 3342 umbra
565 3289 609 3342 fibi
627 3306 747 3360 propone-
798 3300 868 3340 trono
880 3291 922 3340 suo
934 3289 1053 3354 arbitror)
1067 3286 1133 3338 inter
1139 3285 1289 3356 grammati-

257 3371 328 3410 rent:
350 3361 414 3427 (vid.
428 3359 447 3410 s.
463 3361 521 3426 16.)
541 3359 633 3425 robusti
644 3358 693 3412 lere
705 3360 747 3423 ju·
796 3375 834 3409 cos
853 3357 983 3419 rhetorem,
995 3357 1060 3410 inter
1078 3355 1186 3408 rhetores
1199 3373 1288 3426 gram

257 3447 339 3492 venes,
352 3433 446 3499 quique
464 3430 507 3481 sno
519 3433 541 3482 se
553 3431 652 3500 ingenio
670 3429 748 3498 legere
796 3427 910 3479 mcrticum
932 3427 1024 3480 ditium
1048 3425 1100 3496 effe.
1138 3425 1288 3480 Graecorum

256 3499 320 3568 polle
341 3499 447 3551 aliorum
475 3501 597 3552 orationes
622 3511 747 3570 putarent,
796 3509 879 3550 autern
898 3499 954 3550 sunt
973 3499 1058 3550 eodem
1078 3497 1132 3547 loco
1143 3507 1223 3566 atque
1231 3513 1287 3546 mu-

256 3569 392 3638 exemplum
413 3571 486 3622 Fabii
500 3570 676 3692 (equebantur',
697 3585 747 3621 non
796 3585 852 3618 nere
872 3569 1043 3617 molitionum·
1080 3567 1120 3618 stc
1143 3566 1233 3618 Cicero
1255 3565 1287 3618 ad

244 3641 442 3710 interpretandi,
452 3640 501 3691 reso
511 3638 747 3709 vendiqnealiorum
796 3639 867 3690 Fam.
892 3658 918 3706 9,
933 3641 975 3689 18.
989 3649 1054 3689 extr.
1077 3636 1148 3689 Paeto
1167 3647 1287 3704 tanquam

255 3713 379 3762 orationes
392 3711 534 3774 scientiam,
550 3723 575 3762 et
592 3728 649 3762 cum
662 3709 747 3762 audie·
797 3707 984 3778 Hypodidascalo
1000 3705 1143 3786 proximam
1163 3721 1180 3756 a
1198 3703 1221 3756 se
1235 3705 1286 3774 sel-

256 3779 317 3832 bant
334 3793 454 3840 orantem,
466 3792 520 3830 tum
541 3779 584 3832 illo
603 3781 698 3832 arbitro
718 3797 747 3830 ac
795 3777 848 3830 lam
866 3793 920 3828 cum
935 3774 1041 3845 pulvino
1059 3773 1132 3828 offert
1149 3775 1176 3825 in
1195 3773 1286 3845 schola,

252 3849 336 3916 judice
359 3849 403 3919 ipsi
421 3848 604 3902 declamabant.
642 3851 747 3902 Interim
797 3865 873 3918 quam
884 3847 952 3898 dorni
964 3847 1080 3906 habebat,
1092 3843 1224 3896 rhetorica.

255 3936 303 3972 non
317 3920 420 3992 puderet
435 3919 553 3982 nostrum,
565 3919 666 3990 prodere
684 3937 754 3990 prae-⁴
835 3935 859 3984 5.
879 3917 916 3970 ad
929 3915 1051 3984 gremium
1071 3912 1210 3978 revocatis]
1238 3913 1287 3965 Ad

254 4003 355 4060 ceptum
366 3989 423 4040 aliis
441 3988 612 4059 profuturum,
625 4001 650 4041 et
667 3990 745 4042 finon
794 3987 900 4058 primam
919 3985 987 4040 illam
1003 3985 1180 4038 institutionem
1191 3981 1285 4035 famili·

254 4061 323 4122 olim,
336 4058 375 4111 sed
386 4077 452 4110 nunc
468 4060 568 4114 demum
588 4061 613 4111 in
632 4059 693 4112 illud
706 4061 745 4111 in·
794 4073 860 4109 arem
878 4071 1020 4126 parvorum,
1032 4055 1125 4124 quibus
1144 4054 1170 4106 in
1190 4055 1286 4125 gremio

254 4129 356 4182 cidillet.
388 4128 527 4182 Candorem
546 4131 571 4181 in
583 4129 693 4182 docendo
704 4129 744 4180 su·
793 4127 951 4247 preceptoris
967 4125 1098 4186 stantibus,
1116 4135 1141 4176 et
1163 4121 1286 4178 formatur

254 4217 297 4252 nm
321 4199 418 4270 probat,
440 4215 485 4250 cur
507 4199 551 4252 suo
574 4198 672 4253 confilio
695 4187 744 4270 ipse
804 4195 1145 4267 inguaetmanurregitur.

253 4271 311 4324 ulus
324 4287 372 4323 non
383 4267 421 4331 sit,
431 4268 544 4324 ostendit.
