3000 4908
236 367 296 454 rer
465 341 1018 443 nrnrrrourncrnrrnr

236 541 379 630 prosebie
391 541 710 632 alienojurejureudo
723 544 791 610 scari
804 555 829 624 ⁸,
843 565 940 632 quarn
955 543 1022 624 suo,
1038 542 1142 610 malit.
1186 541 1298 622 Quo‘5

237 627 397 692 diffieilior
411 631 552 714 recusatio
566 631 621 710 est,
637 631 691 694 nili
707 630 791 695 sorte
804 653 854 694 ree
868 632 910 694 est
925 652 973 707 ea,
989 651 1096 716 quam,
1111 628 1267 694 credibile

236 711 285 792 sit,
309 727 417 778 notem
442 715 496 800 ipsr
521 735 584 778 non
607 715 678 780 esse.
723 717 807 780 Quae
834 715 994 780 excusatio
1019 716 1040 778 sr
1065 714 1178 792 deerit,
1200 713 1265 778 hoc

237 815 338 863 unum
361 799 568 886 relinquetur,
584 815 643 864 ut⁰
665 801 817 864 invidiam
840 801 895 864 srbi
910 800 1012 886 quaeri
1027 801 1068 864 ab
1090 798 1265 866 adversario

236 881 335 960 dicat,
350 899 445 970 atque
460 884 493 947 id
509 885 574 971 agi,
590 887 673 950 utin
690 885 802 963 caussa,
818 885 850 948 in
863 905 928 970 qua
941 884 1068 950 vincere
1081 905 1145 948 non
1161 883 1263 968 possit,

236 966 327 1054 queri
342 969 441 1054 possit.
488 970 600 1055 Itaque
621 970 786 1041 hominem
801 971 930 1054 quidem
948 969 1068 1034 malum
1085 981 1263 1054 occupatu·

234 1071 307 1116 rum
324 1049 637 1118 banc'oonditionem
652 1054 753 1134 fuisse,
761 1055 793 1119 se
806 1067 913 1120 autem
928 1055 1058 1140 probare
1069 1053 1175 1130 malle,
1188 1077 1264 1140 quie

193 1181 195 1186 .
236 1137 401 1218 affirmet-¹²,
412 1161 508 1226 quam
524 1140 659 1204 dubium
674 1141 824 1228 cuiquam
841 1139 1031 1224 relinquere,
1046 1161 1086 1202 en
1103 1136 1261 1225 pejerarit.

235 1223 298 1286 Sed
316 1224 409 1288 nobis
427 1225 679 1289 adolescentibus
700 1226 834 1290 seniores
852 1225 884 1288 in
905 1225 1033 1312 agendo
1055 1223 1129 1288 facti
1151 1219 1295 1309 preci-6

234 1327 308 1392 pere
330 1309 481 1388 solebant,
502 1335 538 1372 ne
562 1335 701 1399 uniquam
716 1309 933 1397 jurjrcrandum
955 1309 1152 1396 deferremus:
1183 1308 1263 1374 ficut

234 1413 339 1480 neque
354 1394 443 1480 optio
458 1393 579 1480 judicis
601 1396 774 1478 adversario
795 1393 871 1462 esset
884 1394 1097 1480 permittenda
1108 1417 1118 1474 3
1142 1415 1201 1458 nee
1222 1415 1262 1458 ex

233 1477 393 1562 advocatie
414 1480 510 1564 partis
524 1480 660 1545 edversae
675 1481 778 1566 judex
798 1479 988 1566 eligendus:
1012 1480 1135 1558 nem,sr
1156 1478 1262 1544 dicere

232 1561 387 1628 eontrarie
407 1577 500 1650 turpe
521 1565 676 1629 advoeato
698 1566 868 1644 rideretur,
885 1575 972 1630 certe
995 1565 1117 1652 turpius
1138 1563 1261 1630 hoben-

232 1645 324 1724 dnm,
339 1649 453 1726 facere,
469 1650 558 1736 qnod
572 1665 697 1715 noceat.

276 1733 353 1797 Vll.
387 1734 553 1799 Maximus
576 1748 683 1800 tamen
710 1733 851 1821 patronis
876 1735 961 1800 cirea
984 1734 1145 1820 testimonia
1168 1734 1265 1800 sudor

231 1818 286 1882 est.
332 1821 377 1882 Ea
390 1819 540 1884 dicuntur
555 1834 612 1886 aut
621 1835 675 1908 per
689 1821 821 1900 tabulas,
836 1835 892 1884 eut
905 1843 924 1885 a
935 1821 1139 1907 praestutilus.
1175 1819 1260 1884 Sim·
1276 1883 1279 1890 ,

228 1903 345 1988 ’ρίἰοὶοτ
358 1917 459 1968 contra
474 1905 593 1969 tabulas
607 1928 728 1994 pugna.
773 1909 859 1970 Nam
873 1918 906 1970 et
919 1905 1028 1970 minue
1047 1904 1193 1970 obstitisse
1211 1905 1260 1970 vi-

232 1987 327 2052 detur·
340 1989 443 2075 pudor
458 1991 541 2054 inter
554 2011 671 2076 paucos
686 1991 868 2078 signatores,
885 2004 920 2054 et
933 2013 990 2076 pro
1002 1989 1178 2056 diffidentia
1191 2011 1262 2076 pre·

230 2073 330 2136 mitur
354 2075 502 2138 absentia.
548 2076 581 2138 si
604 2075 872 2162 reprehensionem
896 2097 960 2140 non
980 2075 1067 2160 capit
1080 2075 1144 2162 ipsa
1158 2075 1261 2162 perso-

210 2179 284 2234 -ne,
308 2158 458 2223 infamare
484 2160 656 2255 signatores
678 2161 764 2224 licet.
808 2161 923 2224 Tacita
944 2175 1097 2247 praetcrea
1122 2157 1303 2248 quadem&

231 2241 647 2330 significatione-relragatur
662 2245 712 2308 his
726 2244 889 2323 omnibus,
904 2245 993 2330 quod
1017 2265 1112 2310 nemo
1134 2258 1186 2330 per
1209 2257 1260 2310 ta-

230 2326 318 2390 bulas
341 2329 397 2391 dat
419 2329 645 2408 testimonium,
662 2330 715 2396 nisr
742 2329 797 2394 sua
819 2329 1003 2395 voluntate:
1026 2351 1092 2417 quo
1114 2329 1182 2416 ipso
1193 2351 1258 2396 non

229 2411 290 2486 esse
305 2413 444 2476 amicum
459 2414 489 2478 ei
504 2414 546 2492 se,
562 2429 673 2478 contra
688 2435 784 2502 quem
800 2415 891 2491 dicit,
907 2415 1035 2479 fatetur.
1079 2415 1195 2500 Neque
1208 2429 1258 2480 ta·

229 2515 304 2560 rnen
330 2498 474 2584 protinus
500 2497 621 2563 cesserit
642 2514 757 2578 orator,
782 2519 848 2587 quo
872 2501 978 2564 miuus
1003 2511 1036 2564 et
1058 2499 1180 2564 amicus
1201 2519 1259 2586 pro

229 2582 343 2660 arnico,
359 2597 392 2646 et
407 2583 554 2648 inimicus
568 2597 677 2648 contra
691 2583 858 2648 inimicum
873 2585 965 2672 poflit
977 2605 1088 2648 verum
1116 2584 1148 2669 (sr
1171 2583 1256 2653 inte-

254 2687 287 2730 ra
302 2668 380 2732 snei
400 2667 490 2748 fides)
507 2667 624 2733 dicere.
669 2668 731 2734 Sed
751 2668 814 2732 late
830 2668 920 2734 locus
935 2683 1069 2755 uterque
1091 2669 1255 2736 tradatur.

226 2687 314 2815 gum
326 2753 531 2838 presentibus
543 2775 617 2818 vero
632 2753 749 2840 ingens*
757 2753 924 2818 dimicatio
932 2755 988 2830 esi,
1000 2753 1154 2840 ideoquer
1170 2754 1257 2820 velut
1268 2769 1290 2836 3

228 2833 350 2923 duplici
371 2851 483 2907 contre
502 2859 567 2919 eoe,
582 2859 703 2925 proque
726 2838 777 2902 his
800 2839 868 2903 acie
887 2838 1084 2926 confligitur,
1099 2839 1257 2920 artiorem,

228 2927 264 2986 e't
279 2921 551 3010 interrogationum.
596 2925 633 2988 ln
654 2923 815 2990 acumine
839 2925 978 3010 primurn
1000 2923 1258 3012 generaliterpro

227 3003 353 3090 testibus,
362 3021 459 3093 atque
475 3009 507 3072 in
523 3007 601 3093 testes
615 3007 680 3073 dici
693 3008 785 3074 solet.
823 3009 876 3073 Est
890 3009 942 3073 hic
957 3009 1138 3074 communis
1152 3009 1255 3090 leone,
1267 3023 1289 3087 4

226 3110 302 3157 cum
317 3113 389 3180 pars
404 3093 502 3160 altera
517 3091 637 3158 nullam
653 3091 824 3159 firmiorem
846 3093 1066 3180 probationem
1090 3094 1149 3158 esse
1174 3115 1254 3158 corr·
1351 3139 1352 3152 r

257 3301 275 3325 ²
289 3285 348 3344 dore
359 3283 434 3360 quaro
445 3297 486 3346 suo
498 3293 591 3346 meruit
602 3295 632 3345 G.
645 3296 708 3345 lens.
795 3303 808 3332 ⁰
826 3306 850 3345 et
861 3297 892 3344 G.
904 3295 971 3345 mle.
1056 3301 1068 3336 t
1083 3295 1212 3350 affirmaret
1223 3301 1254 3349 G.

225 3357 289 3408 tens.
306 3361 370 3409 Forte
381 3361 513 3414 affirmarit.
577 3372 589 3410 21
610 3361 764 3424 itaqueJeus.

262 3562 287 3610 ς.
306 3541 457 3614 queripoffit]
477 3544 505 3596 Se
517 3541 654 3595 ideocuusa
674 3559 713 3594 ce·
801 3559 825 3593 r.
844 3539 978 3608 ,infamare
989 3539 1137 3609 signatores]
1164 3543 1252 3599 Accu·

225 3613 316 3676 cidisse,
323 3615 390 3683 quod
400 3613 550 3666 adversarius
560 3613 712 3682 pejeraverit.
763 3610 814 3663 sare
824 3629 875 3671 eos,
886 3613 929 3680 qui
941 3611 973 3662 ab
985 3625 1027 3662 ore
1037 3611 1104 3662 tellio
1121 3625 1251 3684 eneepturn

259 3687 285 3734 6.
305 3701 335 3736 ne
351 3699 465 3752 umquam
477 3681 654 3762 jusjurandum
673 3680 714 3731 de-
763 3679 929 3731 testimonium
951 3681 977 3732 in
1000 3678 1084 3732 literas
1106 3683 1208 3732 retulere
1227 3696 1254 3736 et

215 3751 356 3819 firremus]
377 3752 406 3804 In
418 3764 487 3803 tanta
498 3755 619 3802 nimirum
634 3749 722 3816 borni-¹
763 3747 931 3818 obsignarunt,
942 3763 992 3800 non
1004 3748 1039 3810 id,
1051 3749 1118 3820 qood
1131 3751 1196 3802 testis
1211 3751 1251 3804 di·

98 3893 103 3900 ,
140 3819 145 3834 “
222 3839 285 3874 num
303 3823 436 3892 impietate,
449 3821 493 3888 qni
512 3819 625 3889 pejerare,
639 3831 714 3887 quarn
763 3817 1198 3886 xerit,sed,qnods1biutilerisnrn
1211 3819 1254 3898 su·¹

222 3892 295 3944 causa
307 3891 391 3942 cudere
402 3888 510 3942 mallent.
763 3888 870 3948 erineoe
912 3886 1044 3958 rstripsrsse.

239 3960 242 3964 ’
259 3961 323 4020 Vll,
344 3977 368 4011 r.
393 3957 471 4010 minus
486 3955 710 4028 olusitiffeapudor]
798 3975 825 4008 τ.
844 3903 1039 4025 cepiiitoranr]
1061 3955 1178 4008 Alterius
1194 3975 1250 4027 par·

222 4029 361 4082 Secundum
382 4027 444 4080 illud
463 4027 712 4080 Ciceronietiarnu·
762 4025 797 4076 tio
820 4039 947 4094 patronus,
968 4042 1012 4095 pro
1033 4041 1084 4094 quo
1106 4025 1149 4088 est,
1171 4028 1251 4080 valere

222 4095 350 4166 surper'rnn
370 4097 442 4150 Fam.
465 4111 490 4164 ς,
513 4111 555 4148 rr.
576 4113 616 4165 pr.
638 4107 662 4150 et
679 4113 722 4148 er⁴
761 4093 900 4147 testimonia
918 4093 1064 4156 absentium,
1081 4109 1128 4148 nrn
1140 4095 1252 4164 protinus

223 4165 293 4286 ipspoe
288 4165 351 4220 forte
362 4168 408 4220 hac
417 4185 441 4220 re
453 4179 544 4227 ortum,
555 4163 711 4236 Epssolanon
748 4162 858 4288 vZfferit,
879 4163 906 4216 h.
927 4179 950 4216 e.
971 4164 1119 4230 concesserit,
1142 4163 1252 4238 liteerur

133 4245 138 4251 “
169 4294 172 4302 ,
220 4251 266 4291 eru
286 4236 345 4309 scit.
786 4250 809 4288 c.
