2938 4910
150 317 155 336 ¹
249 383 310 454 352
489 325 1094 432 urnnrrouruorrtrnur'

256 537 346 624 quel
371 533 451 600 hocc
474 535 529 614 est,
545 534 634 622 quod
655 533 862 600 dominaturd
885 533 917 599 in
935 533 1089 621 judiclis:
1113 533 1183 598 haec
1209 527 1281 598 elo*

256 619 422 710 quentiam
444 633 573 708 regunt.
615 621 767 708 Namque
787 633 978 708 argumenta
997 617 1186 706 plerumque
1209 620 1281 683 nas-

257 719 377 772 cuntur
389 727 430 770 ex
442 701 555 785 caussa,
569 715 603 770 et
616 727 674 793 pro
688 705 820 774 meliore
834 717 922 792 parte
936 703 1027 792 plura
1044 703 1117 770 sunt
1136 703 1279 792 semper:

258 803 308 870 ut,
324 791 379 878 qui
393 811 449 876 per
462 789 532 855 haec
546 789 635 870 vicit,
650 803 776 856 tanturn
792 811 857 856 non
872 787 1001 854 defuisse
1015 787 1071 854 fibi
1092 788 1279 854 advocatum

257 876 346 940 sciat.
388 875 456 940 Ubi
478 897 552 940 vero
572 875 686 942 animis
698 874 848 962 judicum
869 875 917 938 vis
939 873 1097 940 afferenda
1115 875 1170 954 est,
1186 886 1220 940 et
1238 871 1319 946 ab5

257 960 322 1048 ipsa
343 959 411 1024 veri
430 960 698 1048 contemplatione
718 959 905 1024 abducenda
925 981 1028 1038 mene,
1051 957 1097 1026 ibi
1118 959 1281 1057 proprium

258 1045 392 1112 oratoris
406 1067 484 1131 opus
499 1045 554 1110 est.
598 1047 672 1110 Hoc
687 1067 751 1110 non
767 1046 862 1110 docet
877 1045 1020 1143 litigator
1032 1056 1066 1110 ⁶:
1090 1042 1153 1108 hoc
1166 1043 1282 1110 hbetlis

190 1193 192 1201 ,
259 1151 324 1196 non
338 1130 528 1195 continetur.
561 1131 749 1194 Probationes
763 1129 848 1194 enim
864 1127 1027 1194 efficruntf
1039 1129 1123 1207 sane,
1138 1141 1175 1192 ut
1189 1129 1280 1194 caus-

259 1215 324 1282 sam
339 1216 473 1280 nostram
488 1215 654 1280 meliorem
669 1214 730 1280 esse
747 1214 874 1302 judices
895 1228 1029 1301 putente
1053 1213 1177 1302 affletur
1198 1235 1280 1300 prae·

260 1302 341 1366 liant
350 1313 376 1381 Β,
391 1313 429 1364 ut
442 1299 538 1364 etiam
553 1299 673 1365 velint:
697 1299 749 1364 sed
763 1299 808 1379 id,
822 1299 898 1386 quia
911 1299 1036 1380 volout,
1051 1293 1185 1364 creilunt
1198 1321 1281 1386 quo.

259 1409 335 1474 que.
378 1387 478 1463 Nam,
493 1407 566 1448 eum
581 1385 681 1470 irasci,
684 1385 810 1472 favere,
825 1385 922 1471 odiffe,
941 1384 1069 1470 misereri
1090 1383 1243 1470 coeperint
1252 1385 1280 1465 ¹¹,
1295 1369 1321 1434 6

260 1472 314 1558 egi
331 1471 398 1558 jam
415 1493 482 1534 rem
497 1469 583 1534 suam
597 1469 795 1534 existiment:
818 1482 863 1549 et,
879 1470 956 1534 ficut
970 1481 1111 1534 amantes
1125 1467 1166 1532 de
1180 1467 1283 1534 forma

254 1555 400 1644 judicare
424 1577 487 1618 non
511 1554 637 1642 poliunt
648 1555 668 1636 ¹,
683 1555 759 1642 quia
782 1553 902 1620 sensum
925 1553 1091 1620 oculorum
1115 1552 1232 1642 premit
1245 1575 1281 1618 a·

260 1663 342 1720 mor,
373 1640 418 1704 ita
446 1661 576 1704 omnem
605 1623 806 1790 intppirendae
833 1639 973 1722 veritatis
1000 1639 1153 1712 rationem
1181 1637 1283 1725 judex

261 1724 380 1790 amittit
393 1737 567 1810 occupatus
586 1724 646 1789 affe
680 1723 772 1790 ibus:
795 1724 870 1788 aestu
887 1723 996 1804 fertur,
1013 1737 1047 1789 et
1069 1723 1157 1790 velut
1173 1723 1283 1810 rapido

258 1810 385 1876 flumini
402 1809 615 1908 obsequitur¹.
660 1811 711 1874 Ita
731 1821 917 1897 argumenta
939 1831 977 1874 ac
997 1809 1089 1874 testes
1111 1807 1189 1896 quid
1202 1829 1280 1896 ege·
1296 1809 1318 1880 7

259 1896 336 1976 rint,
352 1895 570 1982 pronuntiatio
592 1893 746 1960 ostendit:
770 1907 951 1959 commotus
964 1905 1070 1958 autem
1095 1895 1136 1958 ab
1160 1905 1286 1957 oratore

254 1981 367 2068 judex,
383 1979 462 2068 quid
479 1979 603 2058 sentiat,
618 1979 726 2044 sedens
748 1974 859 2044 adlruc'
877 1994 973 2066 atque
996 1979 1127 2044 audiens
1150 1976 1283 2042 eonfite-

261 2077 327 2132 tur.
369 2066 435 2144 Au,
451 2087 523 2128 cum
545 2062 611 2144 ille,
626 2065 683 2150 qui
703 2063 858 2152 plerisque
877 2063 1129 2151 perorationibus
1152 2063 1283 2150 petitur,

261 2151 355 2215 fletus
370 2149 518 2235 erumpit,
534 2171 599 2214 non
614 2151 715 2236 palam
731 2149 815 2214 diota
831 2148 983 2214 sententia
995 2151 1037 2213 est
1051 2152 1075 2228 l
1095 2149 1171 2212 Huc
1186 2147 1285 2234 igitur

261 2235 429 2300 incumbat
449 2247 565 2314 orator,
580 2234 643 2298 hoc
664 2257 744 2321 opus
765 2234 846 2334 ejus,
861 2234 915 2298 bic
936 2233 1027 2300 labor
1049 2235 1111 2298 est:
1135 2233 1197 2297 fine
1240 2231 1286 2296 uo

261 2333 369 2386 cetera
383 2319 478 2398 nuda,
488 2318 610 2406 je'una,
626 2319 760 2400 infirma,
775 2333 900 2406 ingrata
911 2319 1002 2384 sunt:
1026 2317 1106 2384 adeo
1120 2317 1206 2383 velut
1219 2257 1238 2382 l
1253 2317 1282 2380 i-

261 2405 371 2472 rituse
394 2406 495 2491 operis
517 2343 612 2492 liujus
633 2417 728 2490 atque
750 2405 875 2468 animus
890 2405 934 2469 est
948 2405 985 2468 ἐπ’
1001 2404 1165 2490 offlttibus.
1208 2340 1319 2466 lli-8

260 2513 333 2556 rum
360 2507 481 2569 autern,
507 2491 586 2553 ficut
609 2490 785 2576 antiquitus
809 2489 960 2554 traditum
989 2489 1180 2576 accepimus,
1210 2487 1284 2551 tluae

261 2577 335 2640 lunt
349 2577 486 2663 species:
510 2576 640 2639 alteram
657 2575 763 2639 Graeci
776 2573 873 2645 πάθος
888 2586 1014 2654 vocant,
1030 2595 1127 2660 quam
1142 2595 1199 2638 nos
1211 2595 1284 2638 ver·

260 2673 366 2726 tentes
379 2661 463 2725 retie
476 2681 513 2724 ac
528 2659 652 2746 proprie
665 2659 805 2809 plebium
818 2657 968 2740 dicimus3
992 2659 1120 2723 alteram
1136 2655 1213 2737 ἦθος,
1228 2677 1286 2722 cu-

256 2746 314 2834 jus
328 2747 468 2824 nomine,
482 2757 520 2808 ut
533 2765 596 2832 ego
608 2743 664 2832 qui
688 2767 738 2809 em
758 2744 869 2823 sentio,
885 2758 971 2810 caret
984 2744 1084 2808 sermo
1098 2745 1282 2822 Romanus5

262 2855 354 2905 mores
375 2829 595 2918 appellantur:
619 2841 652 2894 at
675 2851 714 2894 ue
737 2829 812 2896 inde
833 2851 903 2916 pars
922 2850 1052 2916 quoque
1065 2827 1121 2894 illa
1142 2827 1283 2916 philoso-

262 2917 349 3002 phiae
374 2915 468 2993 ἠθικὴ,
499 2913 617 2979 moralis
644 2855 686 2978 cll
714 2913 811 2980 dicia.
855 2915 919 2979 Sed
943 2914 1039 3002 ipsam
1064 2914 1111 2978 rei
1139 2923 1321 2987 naturam9

261 3001 421 3088 spetianti'
433 2999 526 3078 mihi,
543 3019 607 3064 non
630 3011 696 3062 tam
715 3023 806 3064 nurus
826 3000 992 3087 fignificari
1015 2998 1172 3079 videntur,
1188 3021 1284 3084 quarn

261 3111 374 3150 morum
388 3085 526 3182 quaedam
540 3085 726 3182 proprietas:
749 3107 820 3148 narn
836 3083 906 3170 ipfis
920 3084 1051 3232 ‹puidem
1066 3086 1176 3150 omnes
1190 3083 1284 3146 habi·
1378 3083 1383 3093 '

176 3215 178 3222 ,
262 3183 316 3234 tus
332 3183 448 3234 mentrs
463 3181 677 3234 continentur.
711 3169 875 3234 (lautiores
890 3191 929 3232 vo
944 3182 1086 3233 untutem
1102 3168 1284 3254 complesti,

261 3276 361 3341 quarn
389 3254 518 3318 nomina
543 3255 751 3340 interpretari,
780 3254 971 3320 maluerunt.
1005 3254 1159 3320 Affeelus
1185 3255 1194 3318 i
1222 3253 1287 3316 itur

215 3344 217 3350 ’
261 3337 323 3404 hos
349 3340 536 3416 concitatos,
562 3339 634 3402 illos
659 3339 754 3404 mites
778 3351 873 3424 atque
896 3339 1085 3426 oompofitos
1107 3338 1169 3411 elle
1191 3277 1284 3402 ‹lixe-

262 3436 362 3504 runt3
386 3425 418 3488 in
437 3424 536 3488 altero
558 3422 764 3488 vehementer
787 3437 977 3504 commotos,
992 3423 1026 3487 in
1050 3423 1148 3487 altero
1173 3421 1283 3500 lenes;

180 3541 208 3577 ·,
260 3509 402 3598 denique
416 3509 476 3572 hos
490 3509 641 3594 imperare
651 3523 675 3588 ¹²,
691 3509 763 3571 illos
785 3507 989 3593 persuadere3
1012 3509 1072 3572 hos
1095 3507 1133 3582 ad
1198 3519 1284 3570 rtur-

262 3595 426 3684 bationem
438 3607 463 3674 ⁰,
479 3593 551 3660 illos
564 3593 604 3657 ad
619 3593 871 3658 benevolentiam
896 3591 1075 3681 praevalere.
1118 3531 1286 3680 Alilciunt
1303 3599 1347 3646 1.o

229 3801 231 3808 ¹
293 3809 390 3858 tram
400 3808 443 3872 leg.
453 3809 537 3870 Atqui.
602 3809 758 3857 tractent.
823 3806 990 3859 ddorninetur
1000 3809 1031 3858 G.
1041 3811 1105 3859 lens.
1176 3809 1286 3870 ‘litiga

166 3916 169 3922 .
205 3921 208 3934 ,
263 3873 641 3924 torehoccauffarumlib.lens.
706 3871 837 3922 fefficienr
847 3874 878 3921 id.
950 3877 1131 3939 eperuntG„
1177 3872 1288 3935 hcupe-

263 3939 394 3988 runtJens.
458 3937 575 3999 'pollent
586 3939 618 3986 id.
681 3938 898 4002 lconlequiturid,
970 3940 1091 4002 ffl‘species
1103 3940 1133 3988 G·
1208 3941 1288 3988 ”tm-

220 4003 224 4009 '
262 4002 397 4068 petrareG.
461 4002 655 4065 ‘'probationem
665 4003 696 4050 G.
707 4003 770 4052 Jenl.
812 4007 813 4010 ’

299 4185 326 4234 9.
343 4164 497 4218 voluntatem
514 4163 647 4234 complebit]
673 4163 702 4217 h.
722 4182 745 4216 e.
796 4165 825 4216 ln
837 4163 956 4233 finitione,
968 4183 1023 4236 qpae
1031 4165 1193 4235 fitvoluntas
1209 4162 1289 4222 nomi·

147 4276 150 4282 1
231 4233 324 4300 ·rim,
340 4235 550 4310 fignificationern,
567 4245 597 4290 ut
617 4253 644 4299 7,
666 4252 707 4298 ro,
720 4253 746 4286 1.
797 4233 844 4298 nis,
856 4233 981 4306 quaritur.
1267 4252 1270 4263 “
