<?xml version="1.0" encoding="UTF-8"?>
<!DOCTYPE html PUBLIC "-//W3C//DTD XHTML 1.0 Transitional//EN"
    "http://www.w3.org/TR/xhtml1/DTD/xhtml1-transitional.dtd">
<html xmlns="http://www.w3.org/1999/xhtml" xml:lang="en" lang="en">
 <head>
  <title>
</title>
<meta http-equiv="Content-Type" content="text/html;charset=utf-8" />
  <meta name='ocr-system' content='tesseract 3.04.00' />
  <meta name='ocr-capabilities' content='ocr_page ocr_carea ocr_par ocr_line ocrx_word'/>
</head>
<body>
  <div class='ocr_page' id='page_1' title='image "./mfabiiquinctili00quingoog_0373.png"; bbox 0 0 3000 4908; ppageno 0'>
   <div class='ocr_carea' id='block_1_1' title="bbox 427 309 1323 416">
    <p class='ocr_par' dir='ltr' id='par_1_1' title="bbox 427 309 1323 416">
     <span class='ocr_line' id='line_1_1' title="bbox 427 309 1323 416; baseline 0.002 -18"><span class='ocrx_word' id='word_1_1' title='bbox 427 334 593 398; x_wconf 81' lang='lat' dir='ltr'>rusrrr.</span> <span class='ocrx_word' id='word_1_2' title='bbox 615 337 821 398; x_wconf 79' lang='lat' dir='ltr'>ouaroa.</span> <span class='ocrx_word' id='word_1_3' title='bbox 843 341 925 398; x_wconf 79' lang='lat' dir='ltr'>nra.</span> <span class='ocrx_word' id='word_1_4' title='bbox 946 341 983 398; x_wconf 90' lang='lat' dir='ltr'>v.</span> <span class='ocrx_word' id='word_1_5' title='bbox 1009 359 1052 414; x_wconf 80' lang='lat'>13.</span> <span class='ocrx_word' id='word_1_6' title='bbox 1179 360 1237 416; x_wconf 75' lang='lat'>321</span> <span class='ocrx_word' id='word_1_7' title='bbox 1312 309 1323 366; x_wconf 61' lang='lat'>³</span> 
     </span>
    </p>
   </div>
   <div class='ocr_carea' id='block_1_2' title="bbox 82 498 1310 2346">
    <p class='ocr_par' dir='ltr' id='par_1_2' title="bbox 155 498 1235 840">
     <span class='ocr_line' id='line_1_2' title="bbox 155 498 1235 590; baseline 0.002 -24"><span class='ocrx_word' id='word_1_8' title='bbox 155 529 160 542; x_wconf 86' lang='lat'><em>·</em></span> <span class='ocrx_word' id='word_1_9' title='bbox 200 523 201 526; x_wconf 69' lang='grc'>’</span> <span class='ocrx_word' id='word_1_10' title='bbox 240 499 326 566; x_wconf 77' lang='lat' dir='ltr'>antia</span> <span class='ocrx_word' id='word_1_11' title='bbox 340 498 424 586; x_wconf 74' lang='lat' dir='ltr'>laps,</span> <span class='ocrx_word' id='word_1_12' title='bbox 440 500 543 566; x_wconf 87' lang='lat' dir='ltr'>verbis</span> <span class='ocrx_word' id='word_1_13' title='bbox 558 498 654 564; x_wconf 84' lang='lat' dir='ltr'>etiarn</span> <span class='ocrx_word' id='word_1_14' title='bbox 670 499 718 564; x_wconf 90' lang='lat' dir='ltr'>vel</span> <span class='ocrx_word' id='word_1_15' title='bbox 729 500 927 570; x_wconf 83' lang='lat' dir='ltr'>sententiolis</span> <span class='ocrx_word' id='word_1_16' title='bbox 942 501 1089 568; x_wconf 85' lang='lat' dir='ltr'>omnibus</span> <span class='ocrx_word' id='word_1_17' title='bbox 1110 501 1235 590; x_wconf 87' lang='lat' dir='ltr'>respou-</span> 
     </span>
     <span class='ocr_line' id='line_1_3' title="bbox 213 519 1233 673; baseline 0.002 -25"><span class='ocrx_word' id='word_1_18' title='bbox 213 519 354 648; x_wconf 62' lang='lat' dir='ltr'>lcndum</span> <span class='ocrx_word' id='word_1_19' title='bbox 369 597 492 672; x_wconf 84' lang='lat' dir='ltr'>putant,</span> <span class='ocrx_word' id='word_1_20' title='bbox 508 585 595 672; x_wconf 86' lang='lat' dir='ltr'>quod</span> <span class='ocrx_word' id='word_1_21' title='bbox 611 587 652 648; x_wconf 88' lang='lat' dir='ltr'>est</span> <span class='ocrx_word' id='word_1_22' title='bbox 673 599 707 648; x_wconf 90' lang='lat' dir='ltr'>et</span> <span class='ocrx_word' id='word_1_23' title='bbox 727 585 898 666; x_wconf 89' lang='lat' dir='ltr'>infinitum,</span> <span class='ocrx_word' id='word_1_24' title='bbox 913 599 946 651; x_wconf 86' lang='lat' dir='ltr'>et</span> <span class='ocrx_word' id='word_1_25' title='bbox 967 585 1233 673; x_wconf 77' lang='lat' dir='ltr'>supervacuum⁰z</span> 
     </span>
     <span class='ocr_line' id='line_1_4' title="bbox 216 669 1235 758; baseline 0.002 -26"><span class='ocrx_word' id='word_1_26' title='bbox 216 691 278 732; x_wconf 90' lang='lat' dir='ltr'>non</span> <span class='ocrx_word' id='word_1_27' title='bbox 295 669 379 733; x_wconf 89' lang='lat' dir='ltr'>enim</span> <span class='ocrx_word' id='word_1_28' title='bbox 395 670 495 734; x_wconf 74' lang='lat' dir='ltr'>caussa</span> <span class='ocrx_word' id='word_1_29' title='bbox 508 669 758 755; x_wconf 81' lang='lat' dir='ltr'>reprehenditur,</span> <span class='ocrx_word' id='word_1_30' title='bbox 773 671 825 734; x_wconf 87' lang='lat' dir='ltr'>sed</span> <span class='ocrx_word' id='word_1_31' title='bbox 839 671 946 735; x_wconf 75' lang='lat' dir='ltr'>astor:</span> <span class='ocrx_word' id='word_1_32' title='bbox 969 693 1065 757; x_wconf 89' lang='lat' dir='ltr'>quern</span> <span class='ocrx_word' id='word_1_33' title='bbox 1080 693 1143 758; x_wconf 85' lang='lat' dir='ltr'>ego</span> <span class='ocrx_word' id='word_1_34' title='bbox 1156 672 1235 736; x_wconf 87' lang='lat' dir='ltr'>sem-</span> 
     </span>
     <span class='ocr_line' id='line_1_5' title="bbox 214 754 1232 840; baseline 0.003 -24"><span class='ocrx_word' id='word_1_35' title='bbox 214 775 270 838; x_wconf 88' lang='lat' dir='ltr'>per</span> <span class='ocrx_word' id='word_1_36' title='bbox 285 754 382 819; x_wconf 88' lang='lat' dir='ltr'>videri</span> <span class='ocrx_word' id='word_1_37' title='bbox 398 756 505 818; x_wconf 89' lang='lat' dir='ltr'>malim</span> <span class='ocrx_word' id='word_1_38' title='bbox 522 754 739 834; x_wconf 65' lang='lat' dir='ltr'>faeditatem,</span> <span class='ocrx_word' id='word_1_39' title='bbox 755 769 802 834; x_wconf 91' lang='lat' dir='ltr'>ut,</span> <span class='ocrx_word' id='word_1_40' title='bbox 819 757 838 818; x_wconf 88' lang='lat' dir='ltr'>fi</span> <span class='ocrx_word' id='word_1_41' title='bbox 854 755 980 834; x_wconf 83' lang='lat' dir='ltr'>dixerit,</span> <span class='ocrx_word' id='word_1_42' title='bbox 996 755 1084 840; x_wconf 91' lang='lat' dir='ltr'>quod</span> <span class='ocrx_word' id='word_1_43' title='bbox 1098 757 1144 819; x_wconf 88' lang='lat' dir='ltr'>rei</span> <span class='ocrx_word' id='word_1_44' title='bbox 1181 779 1232 820; x_wconf 87' lang='lat' dir='ltr'>ro-</span> 
     </span>
    </p>

    <p class='ocr_par' dir='ltr' id='par_1_3' title="bbox 150 779 1234 926">
     <span class='ocr_line' id='line_1_6' title="bbox 150 779 1234 926; baseline 0.003 -24"><span class='ocrx_word' id='word_1_45' title='bbox 150 908 159 922; x_wconf 48' lang='grc'><strong>,</strong></span> <span class='ocrx_word' id='word_1_46' title='bbox 215 839 283 917; x_wconf 74' lang='lat' dir='ltr'>srtP,</span> <span class='ocrx_word' id='word_1_47' title='bbox 313 841 434 926; x_wconf 87' lang='lat' dir='ltr'>ingenii</span> <span class='ocrx_word' id='word_1_48' title='bbox 465 840 610 904; x_wconf 84' lang='lat' dir='ltr'>credatur</span> <span class='ocrx_word' id='word_1_49' title='bbox 635 839 705 904; x_wconf 85' lang='lat' dir='ltr'>laus</span> <span class='ocrx_word' id='word_1_50' title='bbox 733 840 804 918; x_wconf 84' lang='lat' dir='ltr'>else,</span> <span class='ocrx_word' id='word_1_51' title='bbox 833 863 896 904; x_wconf 93' lang='lat' dir='ltr'>non</span> <span class='ocrx_word' id='word_1_52' title='bbox 921 841 1053 906; x_wconf 83' lang='lat' dir='ltr'>caussae:</span> <span class='ocrx_word' id='word_1_53' title='bbox 1088 841 1131 904; x_wconf 89' lang='lat' dir='ltr'>fiq</span> <span class='ocrx_word' id='word_1_54' title='bbox 1153 779 1234 905; x_wconf 73' lang='lat' dir='ltr'>lbrte</span> 
     </span>
    </p>

    <p class='ocr_par' dir='ltr' id='par_1_4' title="bbox 82 922 1231 1014">
     <span class='ocr_line' id='line_1_7' title="bbox 82 922 1231 1014; baseline 0.002 -28"><span class='ocrx_word' id='word_1_55' title='bbox 82 927 86 936; x_wconf 90' lang='lat'><em>&#39;</em></span> <span class='ocrx_word' id='word_1_56' title='bbox 162 923 202 1008; x_wconf 79' lang='grc'>38</span> <span class='ocrx_word' id='word_1_57' title='bbox 214 922 322 1009; x_wconf 85' lang='lat' dir='ltr'>quodr</span> <span class='ocrx_word' id='word_1_58' title='bbox 345 925 453 1005; x_wconf 84' lang='lat' dir='ltr'>laedat,</span> <span class='ocrx_word' id='word_1_59' title='bbox 469 923 590 1002; x_wconf 86' lang='lat' dir='ltr'>caulsae,</span> <span class='ocrx_word' id='word_1_60' title='bbox 606 945 670 991; x_wconf 91' lang='lat' dir='ltr'>non</span> <span class='ocrx_word' id='word_1_61' title='bbox 686 925 807 1014; x_wconf 82' lang='lat' dir='ltr'>ingenii</span> <span class='ocrx_word' id='word_1_62' title='bbox 822 925 925 1011; x_wconf 83' lang='lat' dir='ltr'>culpa.</span> <span class='ocrx_word' id='word_1_63' title='bbox 971 927 1082 1010; x_wconf 86' lang='lat' dir='ltr'>ltaque</span> <span class='ocrx_word' id='word_1_64' title='bbox 1104 923 1165 988; x_wconf 88' lang='lat' dir='ltr'>illae</span> <span class='ocrx_word' id='word_1_65' title='bbox 1181 946 1231 988; x_wconf 85' lang='lat' dir='ltr'>re-</span> 
     </span>
    </p>

    <p class='ocr_par' dir='ltr' id='par_1_5' title="bbox 214 1007 1233 1094">
     <span class='ocr_line' id='line_1_8' title="bbox 214 1007 1233 1094; baseline 0.004 -24"><span class='ocrx_word' id='word_1_66' title='bbox 214 1007 444 1092; x_wconf 85' lang='lat' dir='ltr'>prehenfiones‚</span> <span class='ocrx_word' id='word_1_67' title='bbox 459 1021 515 1072; x_wconf 88' lang='lat' dir='ltr'>aut</span> <span class='ocrx_word' id='word_1_68' title='bbox 530 1008 740 1089; x_wconf 81' lang='lat' dir='ltr'>obscuritatis,</span> <span class='ocrx_word' id='word_1_69' title='bbox 754 1009 857 1094; x_wconf 84' lang='lat' dir='ltr'>qualis</span> <span class='ocrx_word' id='word_1_70' title='bbox 881 1011 912 1074; x_wconf 80' lang='lat' dir='ltr'>in</span> <span class='ocrx_word' id='word_1_71' title='bbox 926 1009 1048 1074; x_wconf 80' lang='lat' dir='ltr'><em>Rullum</em></span> <span class='ocrx_word' id='word_1_72' title='bbox 1073 1011 1152 1087; x_wconf 79' lang='lat' dir='ltr'>est⁵3</span> <span class='ocrx_word' id='word_1_73' title='bbox 1176 1023 1233 1074; x_wconf 83' lang='lat' dir='ltr'>aut</span> 
     </span>
    </p>

    <p class='ocr_par' dir='ltr' id='par_1_6' title="bbox 211 1091 1231 1265">
     <span class='ocr_line' id='line_1_9' title="bbox 211 1091 1229 1180; baseline 0.004 -26"><span class='ocrx_word' id='word_1_74' title='bbox 211 1091 353 1158; x_wconf 73' lang='lat' dir='ltr'>infantiae</span> <span class='ocrx_word' id='word_1_75' title='bbox 367 1094 399 1158; x_wconf 92' lang='lat' dir='ltr'>in</span> <span class='ocrx_word' id='word_1_76' title='bbox 416 1092 562 1171; x_wconf 88' lang='lat' dir='ltr'>dicend0,</span> <span class='ocrx_word' id='word_1_77' title='bbox 579 1093 681 1180; x_wconf 88' lang='lat' dir='ltr'>qualis</span> <span class='ocrx_word' id='word_1_78' title='bbox 695 1094 728 1159; x_wconf 87' lang='lat' dir='ltr'>im</span> <span class='ocrx_word' id='word_1_79' title='bbox 749 1095 880 1180; x_wconf 83' lang='lat' dir='ltr'>Pisonem</span> <span class='ocrx_word' id='word_1_80' title='bbox 890 1120 900 1173; x_wconf 80' lang='lat'>3</span> <span class='ocrx_word' id='word_1_81' title='bbox 924 1101 998 1158; x_wconf 86' lang='lat' dir='ltr'>autt</span> <span class='ocrx_word' id='word_1_82' title='bbox 1025 1093 1155 1158; x_wconf 81' lang='lat' dir='ltr'>inscitiae</span> <span class='ocrx_word' id='word_1_83' title='bbox 1179 1095 1229 1158; x_wconf 45' lang='lat' dir='ltr'>re*-</span> 
     </span>
     <span class='ocr_line' id='line_1_10' title="bbox 211 1178 1231 1265; baseline 0 -23"><span class='ocrx_word' id='word_1_84' title='bbox 211 1199 283 1242; x_wconf 89' lang='lat' dir='ltr'>rum</span> <span class='ocrx_word' id='word_1_85' title='bbox 308 1180 552 1264; x_wconf 86' lang='lat' dir='ltr'>verborumque,</span> <span class='ocrx_word' id='word_1_86' title='bbox 564 1193 601 1252; x_wconf 67' lang='lat' dir='ltr'>,et</span> <span class='ocrx_word' id='word_1_87' title='bbox 623 1178 799 1242; x_wconf 79' lang='lat' dir='ltr'>insulsitatis</span> <span class='ocrx_word' id='word_1_88' title='bbox 822 1180 931 1258; x_wconf 87' lang='lat' dir='ltr'>etiarn,</span> <span class='ocrx_word' id='word_1_89' title='bbox 947 1178 1049 1265; x_wconf 89' lang='lat' dir='ltr'>qualis</span> <span class='ocrx_word' id='word_1_90' title='bbox 1074 1179 1107 1240; x_wconf 83' lang='lat' dir='ltr'>im</span> <span class='ocrx_word' id='word_1_91' title='bbox 1132 1179 1231 1242; x_wconf 80' lang='lat' dir='ltr'>Amto-</span> 
     </span>
    </p>

    <p class='ocr_par' dir='ltr' id='par_1_7' title="bbox 122 1261 1231 1350">
     <span class='ocr_line' id='line_1_11' title="bbox 122 1261 1231 1350; baseline 0.004 -26"><span class='ocrx_word' id='word_1_92' title='bbox 122 1263 123 1271; x_wconf 75' lang='grc'>’</span> <span class='ocrx_word' id='word_1_93' title='bbox 210 1261 293 1325; x_wconf 83' lang='lat' dir='ltr'>nium</span> <span class='ocrx_word' id='word_1_94' title='bbox 308 1265 361 1341; x_wconf 89' lang='lat' dir='ltr'>est,</span> <span class='ocrx_word' id='word_1_95' title='bbox 376 1263 681 1327; x_wconf 74' lang='lat' dir='ltr'>accommodanturu</span> <span class='ocrx_word' id='word_1_96' title='bbox 696 1264 786 1350; x_wconf 88' lang='lat' dir='ltr'>justis</span> <span class='ocrx_word' id='word_1_97' title='bbox 800 1264 899 1327; x_wconf 88' lang='lat' dir='ltr'>odiis:</span> <span class='ocrx_word' id='word_1_98' title='bbox 923 1263 1056 1348; x_wconf 87' lang='lat' dir='ltr'>suntque</span> <span class='ocrx_word' id='word_1_99' title='bbox 1075 1263 1175 1326; x_wconf 85' lang='lat' dir='ltr'>utiles·</span> <span class='ocrx_word' id='word_1_100' title='bbox 1191 1263 1231 1328; x_wconf 92' lang='lat' dir='ltr'>ad</span> 
     </span>
    </p>

    <p class='ocr_par' dir='ltr' id='par_1_8' title="bbox 194 1347 1310 1434">
     <span class='ocr_line' id='line_1_12' title="bbox 194 1347 1310 1434; baseline 0.005 -25"><span class='ocrx_word' id='word_1_101' title='bbox 194 1347 445 1412; x_wconf 84' lang='lat' dir='ltr'>conciliandum</span> <span class='ocrx_word' id='word_1_102' title='bbox 472 1347 523 1424; x_wconf 81' lang='lat' dir='ltr'>iis,</span> <span class='ocrx_word' id='word_1_103' title='bbox 551 1369 630 1434; x_wconf 89' lang='lat' dir='ltr'>quos</span> <span class='ocrx_word' id='word_1_104' title='bbox 653 1349 767 1414; x_wconf 86' lang='lat' dir='ltr'>inuisos</span> <span class='ocrx_word' id='word_1_105' title='bbox 796 1349 899 1412; x_wconf 87' lang='lat' dir='ltr'>facere</span> <span class='ocrx_word' id='word_1_106' title='bbox 929 1349 1077 1426; x_wconf 84' lang='lat' dir='ltr'>volueris,</span> <span class='ocrx_word' id='word_1_107' title='bbox 1108 1348 1230 1414; x_wconf 87' lang='lat' dir='ltr'>odium.</span> <span class='ocrx_word' id='word_1_108' title='bbox 1307 1409 1310 1415; x_wconf 82' lang='lat'>.</span> 
     </span>
    </p>

    <p class='ocr_par' dir='ltr' id='par_1_9' title="bbox 156 1431 1231 1776">
     <span class='ocr_line' id='line_1_13' title="bbox 156 1431 1229 1519; baseline 0.005 -26"><span class='ocrx_word' id='word_1_109' title='bbox 156 1451 198 1518; x_wconf 80' lang='lat'>39</span> <span class='ocrx_word' id='word_1_110' title='bbox 211 1432 285 1495; x_wconf 89' lang='lat' dir='ltr'>Alia</span> <span class='ocrx_word' id='word_1_111' title='bbox 299 1431 502 1518; x_wconf 89' lang='lat' dir='ltr'>respondendi</span> <span class='ocrx_word' id='word_1_112' title='bbox 518 1432 656 1516; x_wconf 85' lang='lat' dir='ltr'>patronis</span> <span class='ocrx_word' id='word_1_113' title='bbox 677 1434 778 1498; x_wconf 80' lang='lat' dir='ltr'>ratio:</span> <span class='ocrx_word' id='word_1_114' title='bbox 802 1447 836 1497; x_wconf 89' lang='lat' dir='ltr'>et</span> <span class='ocrx_word' id='word_1_115' title='bbox 856 1433 1024 1519; x_wconf 89' lang='lat' dir='ltr'>aliquando</span> <span class='ocrx_word' id='word_1_116' title='bbox 1045 1447 1151 1495; x_wconf 85' lang='lat' dir='ltr'>tarnen</span> <span class='ocrx_word' id='word_1_117' title='bbox 1173 1454 1229 1498; x_wconf 80' lang='lat' dir='ltr'>eo-</span> 
     </span>
     <span class='ocr_line' id='line_1_14' title="bbox 210 1516 1229 1603; baseline 0 -23"><span class='ocrx_word' id='word_1_118' title='bbox 210 1539 280 1580; x_wconf 88' lang='lat' dir='ltr'>rum</span> <span class='ocrx_word' id='word_1_119' title='bbox 297 1539 361 1578; x_wconf 91' lang='lat' dir='ltr'>non</span> <span class='ocrx_word' id='word_1_120' title='bbox 377 1517 469 1580; x_wconf 83' lang='lat' dir='ltr'>oratio</span> <span class='ocrx_word' id='word_1_121' title='bbox 484 1517 592 1596; x_wconf 89' lang='lat' dir='ltr'>modo,</span> <span class='ocrx_word' id='word_1_122' title='bbox 607 1516 659 1580; x_wconf 88' lang='lat' dir='ltr'>sed</span> <span class='ocrx_word' id='word_1_123' title='bbox 681 1518 748 1581; x_wconf 80' lang='lat' dir='ltr'>vitm</span> <span class='ocrx_word' id='word_1_124' title='bbox 763 1518 871 1597; x_wconf 89' lang='lat' dir='ltr'>etiarn,</span> <span class='ocrx_word' id='word_1_125' title='bbox 887 1519 991 1582; x_wconf 82' lang='lat' dir='ltr'>vultus</span> <span class='ocrx_word' id='word_1_126' title='bbox 1012 1517 1162 1603; x_wconf 86' lang='lat' dir='ltr'>denique,</span> <span class='ocrx_word' id='word_1_127' title='bbox 1179 1517 1229 1580; x_wconf 83' lang='lat' dir='ltr'>ia-</span> 
     </span>
     <span class='ocr_line' id='line_1_15' title="bbox 210 1601 1231 1684; baseline 0.002 -20"><span class='ocrx_word' id='word_1_128' title='bbox 210 1601 310 1684; x_wconf 69' lang='lat' dir='ltr'>astas,</span> <span class='ocrx_word' id='word_1_129' title='bbox 327 1601 444 1664; x_wconf 83' lang='lat' dir='ltr'>habitas</span> <span class='ocrx_word' id='word_1_130' title='bbox 457 1601 542 1664; x_wconf 75' lang='lat' dir='ltr'>reue</span> <span class='ocrx_word' id='word_1_131' title='bbox 556 1601 689 1665; x_wconf 88' lang='lat' dir='ltr'>incusari</span> <span class='ocrx_word' id='word_1_132' title='bbox 709 1603 787 1666; x_wconf 91' lang='lat' dir='ltr'>solet</span> <span class='ocrx_word' id='word_1_133' title='bbox 803 1628 810 1666; x_wconf 74' lang='grc' dir='ltr'><strong><em>ε</em></strong></span> <span class='ocrx_word' id='word_1_134' title='bbox 833 1617 870 1666; x_wconf 90' lang='lat' dir='ltr'>ut</span> <span class='ocrx_word' id='word_1_135' title='bbox 892 1603 1035 1670; x_wconf 89' lang='lat' dir='ltr'>adversus</span> <span class='ocrx_word' id='word_1_136' title='bbox 1058 1601 1231 1666; x_wconf 80' lang='lat' dir='ltr'>Quintium</span> 
     </span>
     <span class='ocr_line' id='line_1_16' title="bbox 211 1685 1228 1776; baseline 0.001 -28"><span class='ocrx_word' id='word_1_137' title='bbox 211 1685 337 1764; x_wconf 83' lang='lat' dir='ltr'>CicerO,</span> <span class='ocrx_word' id='word_1_138' title='bbox 354 1702 418 1748; x_wconf 89' lang='lat' dir='ltr'>non</span> <span class='ocrx_word' id='word_1_139' title='bbox 432 1686 502 1748; x_wconf 82' lang='lat' dir='ltr'>haec</span> <span class='ocrx_word' id='word_1_140' title='bbox 515 1686 628 1765; x_wconf 88' lang='lat' dir='ltr'>solum,</span> <span class='ocrx_word' id='word_1_141' title='bbox 642 1687 701 1773; x_wconf 80' lang='lat' dir='ltr'>sed</span> <span class='ocrx_word' id='word_1_142' title='bbox 720 1689 812 1775; x_wconf 79' lang='lat' dir='ltr'>ipsam</span> <span class='ocrx_word' id='word_1_143' title='bbox 826 1689 913 1766; x_wconf 75' lang='lat' dir='ltr'>etiam</span> <span class='ocrx_word' id='word_1_144' title='bbox 934 1699 1110 1776; x_wconf 69' lang='lat' dir='ltr'>praetextam</span> <span class='ocrx_word' id='word_1_145' title='bbox 1124 1687 1228 1772; x_wconf 79' lang='lat' dir='ltr'>demis-</span> 
     </span>
    </p>

    <p class='ocr_par' dir='ltr' id='par_1_10' title="bbox 198 1769 1229 1854">
     <span class='ocr_line' id='line_1_17' title="bbox 198 1769 1229 1854; baseline 0.004 -23"><span class='ocrx_word' id='word_1_146' title='bbox 198 1769 334 1854; x_wconf 85' lang='lat' dir='ltr'>samad</span> <span class='ocrx_word' id='word_1_147' title='bbox 353 1771 438 1849; x_wconf 81' lang='lat' dir='ltr'>talos,</span> <span class='ocrx_word' id='word_1_148' title='bbox 452 1769 644 1835; x_wconf 67' lang='lat' dir='ltr'>insectatusx</span> <span class='ocrx_word' id='word_1_149' title='bbox 665 1772 719 1836; x_wconf 87' lang='lat' dir='ltr'>est.</span> <span class='ocrx_word' id='word_1_150' title='bbox 764 1773 911 1837; x_wconf 77' lang='lat' dir='ltr'>Presserat</span> <span class='ocrx_word' id='word_1_151' title='bbox 930 1773 1015 1836; x_wconf 84' lang='lat' dir='ltr'>enirn</span> <span class='ocrx_word' id='word_1_152' title='bbox 1038 1771 1229 1836; x_wconf 80' lang='lat' dir='ltr'>turbulentis</span> 
     </span>
    </p>

    <p class='ocr_par' dir='ltr' id='par_1_11' title="bbox 152 1850 1230 2028">
     <span class='ocr_line' id='line_1_18' title="bbox 152 1850 1229 1942; baseline 0.001 -25"><span class='ocrx_word' id='word_1_153' title='bbox 152 1872 198 1936; x_wconf 76' lang='lat'>40</span> <span class='ocrx_word' id='word_1_154' title='bbox 209 1854 416 1920; x_wconf 88' lang='lat' dir='ltr'>concionibus</span> <span class='ocrx_word' id='word_1_155' title='bbox 433 1854 618 1940; x_wconf 68' lang='lat' dir='ltr'>Cluentium</span> <span class='ocrx_word' id='word_1_156' title='bbox 633 1856 799 1922; x_wconf 80' lang='lat' dir='ltr'>Quintius.</span> <span class='ocrx_word' id='word_1_157' title='bbox 836 1859 1087 1942; x_wconf 87' lang='lat' dir='ltr'>Nonnumquam</span> <span class='ocrx_word' id='word_1_158' title='bbox 1103 1850 1229 1920; x_wconf 88' lang='lat' dir='ltr'>elevan-</span> 
     </span>
     <span class='ocr_line' id='line_1_19' title="bbox 207 1937 1230 2028; baseline 0.002 -26"><span class='ocrx_word' id='word_1_159' title='bbox 207 1937 258 2002; x_wconf 86' lang='lat' dir='ltr'>dae</span> <span class='ocrx_word' id='word_1_160' title='bbox 273 1939 400 2006; x_wconf 87' lang='lat' dir='ltr'>invidiae</span> <span class='ocrx_word' id='word_1_161' title='bbox 415 1941 527 2026; x_wconf 83' lang='lat' dir='ltr'>gratia,</span> <span class='ocrx_word' id='word_1_162' title='bbox 543 1963 616 2026; x_wconf 87' lang='lat' dir='ltr'>quae</span> <span class='ocrx_word' id='word_1_163' title='bbox 630 1941 766 2028; x_wconf 86' lang='lat' dir='ltr'>asperius</span> <span class='ocrx_word' id='word_1_164' title='bbox 780 1941 865 2008; x_wconf 72' lang='lat' dir='ltr'>dicta</span> <span class='ocrx_word' id='word_1_165' title='bbox 879 1941 961 2021; x_wconf 87' lang='lat' dir='ltr'>sunt,</span> <span class='ocrx_word' id='word_1_166' title='bbox 978 1941 1168 2008; x_wconf 87' lang='lat' dir='ltr'>eluduntur:</span> <span class='ocrx_word' id='word_1_167' title='bbox 1194 1949 1230 2004; x_wconf 87' lang='lat' dir='ltr'>ut</span> 
     </span>
    </p>

    <p class='ocr_par' dir='ltr' id='par_1_12' title="bbox 196 2022 1254 2346">
     <span class='ocr_line' id='line_1_20' title="bbox 196 2022 1254 2113; baseline 0.003 -26"><span class='ocrx_word' id='word_1_168' title='bbox 196 2044 225 2087; x_wconf 80' lang='lat' dir='ltr'>&#39;a</span> <span class='ocrx_word' id='word_1_169' title='bbox 251 2022 404 2089; x_wconf 85' lang='lat' dir='ltr'>Cicerone</span> <span class='ocrx_word' id='word_1_170' title='bbox 430 2025 581 2089; x_wconf 63' lang='lat' dir='ltr'>Triarium</span> <span class='ocrx_word' id='word_1_171' title='bbox 624 2025 841 2106; x_wconf 47' lang='lat' dir='ltr'>namucum</span> <span class='ocrx_word' id='word_1_172' title='bbox 866 2027 973 2091; x_wconf 86' lang='lat' dir='ltr'>Scauri</span> <span class='ocrx_word' id='word_1_173' title='bbox 996 2027 1158 2089; x_wconf 89' lang='lat' dir='ltr'>columnas</span> <span class='ocrx_word' id='word_1_174' title='bbox 1172 2045 1254 2113; x_wconf 55' lang='lat' dir='ltr'>perx</span> 
     </span>
     <span class='ocr_line' id='line_1_21' title="bbox 206 2109 1229 2198; baseline 0.001 -27"><span class='ocrx_word' id='word_1_175' title='bbox 206 2109 317 2174; x_wconf 89' lang='lat' dir='ltr'>urbem</span> <span class='ocrx_word' id='word_1_176' title='bbox 342 2109 504 2196; x_wconf 80' lang='lat' dir='ltr'>plaustris²</span> <span class='ocrx_word' id='word_1_177' title='bbox 530 2110 634 2175; x_wconf 60' lang='lat' dir='ltr'>vestas</span> <span class='ocrx_word' id='word_1_178' title='bbox 657 2111 716 2175; x_wconf 86' lang='lat' dir='ltr'>elle</span> <span class='ocrx_word' id='word_1_179' title='bbox 741 2111 832 2190; x_wconf 79' lang='lat' dir='ltr'>dixit,</span> <span class='ocrx_word' id='word_1_180' title='bbox 850 2112 918 2198; x_wconf 86' lang='lat' dir='ltr'>Ego</span> <span class='ocrx_word' id='word_1_181' title='bbox 933 2125 1031 2197; x_wconf 81' lang='lat' dir='ltr'>porro,</span> <span class='ocrx_word' id='word_1_182' title='bbox 1046 2111 1163 2196; x_wconf 87' lang='lat' dir='ltr'>inquit,</span> <span class='ocrx_word' id='word_1_183' title='bbox 1175 2110 1229 2196; x_wconf 82' lang='lat' dir='ltr'>qai</span> 
     </span>
     <span class='ocr_line' id='line_1_22' title="bbox 204 2193 1228 2346; baseline 0 -88"><span class='ocrx_word' id='word_1_184' title='bbox 204 2193 349 2258; x_wconf 84' lang='lat' dir='ltr'>Albanas</span> <span class='ocrx_word' id='word_1_185' title='bbox 370 2195 459 2259; x_wconf 78' lang='lat' dir='ltr'>habet</span> <span class='ocrx_word' id='word_1_186' title='bbox 481 2194 638 2274; x_wconf 80' lang='lat' dir='ltr'>columnas,</span> <span class='ocrx_word' id='word_1_187' title='bbox 654 2194 771 2260; x_wconf 71' lang='lat' dir='ltr'>clitellis</span> <span class='ocrx_word' id='word_1_188' title='bbox 784 2220 833 2259; x_wconf 81' lang='lat' dir='ltr'>aas</span> <span class='ocrx_word' id='word_1_189' title='bbox 849 2196 1017 2346; x_wconf 54' lang='lat' dir='ltr'>apportavi,</span> <span class='ocrx_word' id='word_1_190' title='bbox 1062 2197 1103 2258; x_wconf 92' lang='lat' dir='ltr'>Et</span> <span class='ocrx_word' id='word_1_191' title='bbox 1124 2215 1156 2257; x_wconf 89' lang='lat' dir='ltr'>m</span> <span class='ocrx_word' id='word_1_192' title='bbox 1200 2193 1228 2258; x_wconf 81' lang='lat' dir='ltr'>is</span> 
     </span>
    </p>
   </div>
   <div class='ocr_carea' id='block_1_3' title="bbox 205 2263 1226 2370">
    <p class='ocr_par' dir='ltr' id='par_1_13' title="bbox 205 2263 1226 2370">
     <span class='ocr_line' id='line_1_23' title="bbox 205 2263 1226 2370; baseline 0.006 -28"><span class='ocrx_word' id='word_1_193' title='bbox 205 2276 268 2344; x_wconf 87' lang='lat' dir='ltr'>hoc</span> <span class='ocrx_word' id='word_1_194' title='bbox 291 2279 324 2344; x_wconf 92' lang='lat' dir='ltr'>in</span> <span class='ocrx_word' id='word_1_195' title='bbox 346 2263 541 2346; x_wconf 68' lang='lat' dir='ltr'>accusatores</span> <span class='ocrx_word' id='word_1_196' title='bbox 563 2279 740 2346; x_wconf 82' lang='lat' dir='ltr'>concessum</span> <span class='ocrx_word' id='word_1_197' title='bbox 765 2282 819 2360; x_wconf 88' lang='lat' dir='ltr'>est,</span> <span class='ocrx_word' id='word_1_198' title='bbox 834 2305 889 2370; x_wconf 84' lang='lat' dir='ltr'>qur</span> <span class='ocrx_word' id='word_1_199' title='bbox 915 2301 952 2346; x_wconf 88' lang='lat' dir='ltr'>us</span> <span class='ocrx_word' id='word_1_200' title='bbox 976 2279 1145 2346; x_wconf 87' lang='lat' dir='ltr'>conviciari</span> <span class='ocrx_word' id='word_1_201' title='bbox 1168 2285 1226 2348; x_wconf 79' lang='lat' dir='ltr'>at&#39;·</span> 
     </span>
    </p>
   </div>
   <div class='ocr_carea' id='block_1_4' title="bbox 201 2469 1225 2688">
    <p class='ocr_par' dir='ltr' id='par_1_14' title="bbox 201 2469 1225 2688">
     <span class='ocr_line' id='line_1_24' title="bbox 215 2469 1225 2566; baseline 0.007 -26"><span class='ocrx_word' id='word_1_202' title='bbox 215 2469 217 2474; x_wconf 28' lang='grc' dir='ltr'>Ι</span> <span class='ocrx_word' id='word_1_203' title='bbox 234 2501 248 2529; x_wconf 88' lang='lat'><strong>⁰</strong></span> <span class='ocrx_word' id='word_1_204' title='bbox 265 2493 381 2554; x_wconf 83' lang='lat' dir='ltr'>superiora</span> <span class='ocrx_word' id='word_1_205' title='bbox 390 2497 452 2546; x_wconf 85' lang='lat' dir='ltr'>Jens.</span> <span class='ocrx_word' id='word_1_206' title='bbox 462 2495 529 2547; x_wconf 80' lang='lat' dir='ltr'>male.</span> <span class='ocrx_word' id='word_1_207' title='bbox 626 2503 638 2538; x_wconf 67' lang='grc' dir='ltr'><strong>Ρ</strong></span> <span class='ocrx_word' id='word_1_208' title='bbox 652 2495 880 2560; x_wconf 60' lang='lat' dir='ltr'>promeritorem.</span> <span class='ocrx_word' id='word_1_209' title='bbox 923 2544 925 2548; x_wconf 80' lang='grc'>,</span> <span class='ocrx_word' id='word_1_210' title='bbox 958 2507 981 2566; x_wconf 38' lang='grc'>,(1</span> <span class='ocrx_word' id='word_1_211' title='bbox 1001 2500 1098 2560; x_wconf 86' lang='lat' dir='ltr'>quando</span> <span class='ocrx_word' id='word_1_212' title='bbox 1108 2500 1149 2564; x_wconf 59' lang='lat' dir='ltr'>iffi</span> <span class='ocrx_word' id='word_1_213' title='bbox 1160 2500 1225 2554; x_wconf 81' lang='lat' dir='ltr'>lens.</span> 
     </span>
     <span class='ocr_line' id='line_1_25' title="bbox 203 2560 1224 2628; baseline 0.009 -25"><span class='ocrx_word' id='word_1_214' title='bbox 203 2560 281 2604; x_wconf 74' lang='lat' dir='ltr'>&#39;uon</span> <span class='ocrx_word' id='word_1_215' title='bbox 294 2560 324 2606; x_wconf 82' lang='lat' dir='ltr'>G.</span> <span class='ocrx_word' id='word_1_216' title='bbox 334 2562 397 2608; x_wconf 86' lang='lat' dir='ltr'>Jens.</span> <span class='ocrx_word' id='word_1_217' title='bbox 461 2562 669 2622; x_wconf 80' lang='lat' dir='ltr'>³suit‚inf.Jens.</span> <span class='ocrx_word' id='word_1_218' title='bbox 733 2569 801 2611; x_wconf 78' lang='lat' dir='ltr'>tom.</span> <span class='ocrx_word' id='word_1_219' title='bbox 812 2563 844 2611; x_wconf 86' lang='lat' dir='ltr'>G.</span> <span class='ocrx_word' id='word_1_220' title='bbox 855 2562 887 2613; x_wconf 74' lang='lat' dir='ltr'>id.</span> <span class='ocrx_word' id='word_1_221' title='bbox 941 2569 954 2595; x_wconf 79' lang='lat' dir='ltr'>u</span> <span class='ocrx_word' id='word_1_222' title='bbox 973 2573 1000 2612; x_wconf 87' lang='lat' dir='ltr'>ut</span> <span class='ocrx_word' id='word_1_223' title='bbox 1011 2563 1052 2628; x_wconf 67' lang='lat' dir='ltr'>insi</span> <span class='ocrx_word' id='word_1_224' title='bbox 1063 2564 1095 2613; x_wconf 82' lang='lat' dir='ltr'>id.</span> <span class='ocrx_word' id='word_1_225' title='bbox 1145 2565 1224 2612; x_wconf 81' lang='lat' dir='ltr'>¹sec·</span> 
     </span>
     <span class='ocr_line' id='line_1_26' title="bbox 201 2623 996 2688; baseline 0.006 -18"><span class='ocrx_word' id='word_1_226' title='bbox 201 2629 266 2670; x_wconf 77' lang='lat' dir='ltr'>tatus</span> <span class='ocrx_word' id='word_1_227' title='bbox 278 2623 308 2678; x_wconf 81' lang='lat' dir='ltr'>G,</span> <span class='ocrx_word' id='word_1_228' title='bbox 373 2632 443 2672; x_wconf 76' lang='lat' dir='ltr'>²om.</span> <span class='ocrx_word' id='word_1_229' title='bbox 456 2625 487 2674; x_wconf 87' lang='lat' dir='ltr'>G.</span> <span class='ocrx_word' id='word_1_230' title='bbox 551 2634 568 2659; x_wconf 35' lang='lat'>¹*</span> <span class='ocrx_word' id='word_1_231' title='bbox 581 2626 762 2688; x_wconf 69' lang='lat' dir='ltr'>paraeneseos.</span> <span class='ocrx_word' id='word_1_232' title='bbox 984 2629 996 2642; x_wconf 84' lang='lat'>&#39;</span> 
     </span>
    </p>
   </div>
   <div class='ocr_carea' id='block_1_5' title="bbox 96 2804 1282 3982">
    <p class='ocr_par' dir='ltr' id='par_1_15' title="bbox 96 2804 1282 3982">
     <span class='ocr_line' id='line_1_27' title="bbox 239 2804 1282 2877; baseline 0.002 -21"><span class='ocrx_word' id='word_1_233' title='bbox 239 2822 281 2868; x_wconf 83' lang='lat'>37.</span> <span class='ocrx_word' id='word_1_234' title='bbox 308 2821 349 2872; x_wconf 83' lang='lat' dir='ltr'>ego</span> <span class='ocrx_word' id='word_1_235' title='bbox 364 2807 461 2877; x_wconf 78' lang='lat' dir='ltr'>semper</span> <span class='ocrx_word' id='word_1_236' title='bbox 481 2807 566 2859; x_wconf 79' lang='lat' dir='ltr'>videri</span> <span class='ocrx_word' id='word_1_237' title='bbox 588 2805 686 2872; x_wconf 84' lang='lat' dir='ltr'>malim]</span> <span class='ocrx_word' id='word_1_238' title='bbox 735 2804 1128 2877; x_wconf 76' lang='lat' dir='ltr'>longam,etverbisvaldebomis.</span> <span class='ocrx_word' id='word_1_239' title='bbox 1143 2807 1222 2860; x_wconf 85' lang='lat' dir='ltr'>Unum</span> <span class='ocrx_word' id='word_1_240' title='bbox 1274 2857 1282 2864; x_wconf 72' lang='grc'><strong>,</strong></span> 
     </span>
     <span class='ocr_line' id='line_1_28' title="bbox 147 2870 1221 2944; baseline 0.004 -20"><span class='ocrx_word' id='word_1_241' title='bbox 147 2925 150 2936; x_wconf 74' lang='grc'>,</span> <span class='ocrx_word' id='word_1_242' title='bbox 201 2870 260 2925; x_wconf 79' lang='lat' dir='ltr'>Hoc</span> <span class='ocrx_word' id='word_1_243' title='bbox 278 2874 358 2926; x_wconf 78' lang='lat' dir='ltr'>vult:—</span> <span class='ocrx_word' id='word_1_244' title='bbox 382 2877 408 2926; x_wconf 78' lang='lat' dir='ltr'>si</span> <span class='ocrx_word' id='word_1_245' title='bbox 425 2877 487 2928; x_wconf 89' lang='lat' dir='ltr'>milri</span> <span class='ocrx_word' id='word_1_246' title='bbox 505 2876 578 2928; x_wconf 84' lang='lat' dir='ltr'>causa</span> <span class='ocrx_word' id='word_1_247' title='bbox 597 2877 689 2928; x_wconf 82' lang='lat' dir='ltr'>tuenda</span> <span class='ocrx_word' id='word_1_248' title='bbox 736 2885 802 2936; x_wconf 84' lang='lat' dir='ltr'>erat,</span> <span class='ocrx_word' id='word_1_249' title='bbox 811 2877 874 2944; x_wconf 83' lang='lat' dir='ltr'>qaod</span> <span class='ocrx_word' id='word_1_250' title='bbox 881 2875 940 2926; x_wconf 83' lang='lat' dir='ltr'>mihi</span> <span class='ocrx_word' id='word_1_251' title='bbox 950 2873 1064 2944; x_wconf 81' lang='lat' dir='ltr'>vitiosum</span> <span class='ocrx_word' id='word_1_252' title='bbox 1075 2875 1221 2938; x_wconf 78' lang='lat' dir='ltr'>videbatur,</span> 
     </span>
     <span class='ocr_line' id='line_1_29' title="bbox 201 2939 1221 3021; baseline 0.003 -28"><span class='ocrx_word' id='word_1_253' title='bbox 201 2939 239 3004; x_wconf 83' lang='lat' dir='ltr'>fit,</span> <span class='ocrx_word' id='word_1_254' title='bbox 252 2943 337 2996; x_wconf 87' lang='lat' dir='ltr'>malim</span> <span class='ocrx_word' id='word_1_255' title='bbox 354 2943 469 3006; x_wconf 75' lang='lat' dir='ltr'>atrorem,</span> <span class='ocrx_word' id='word_1_256' title='bbox 485 2945 530 3014; x_wconf 90' lang='lat' dir='ltr'>qui</span> <span class='ocrx_word' id='word_1_257' title='bbox 547 2956 631 3006; x_wconf 84' lang='lat' dir='ltr'>contra</span> <span class='ocrx_word' id='word_1_258' title='bbox 649 2963 688 2996; x_wconf 88' lang='lat' dir='ltr'>me</span> <span class='ocrx_word' id='word_1_259' title='bbox 735 2943 1221 3021; x_wconf 73' lang='lat' dir='ltr'>quodiantaexsrequentiainvenirinr-</span> 
     </span>
     <span class='ocr_line' id='line_1_30' title="bbox 199 3011 1222 3084; baseline 0.006 -23"><span class='ocrx_word' id='word_1_260' title='bbox 199 3011 278 3074; x_wconf 85' lang='lat' dir='ltr'>dicat,</span> <span class='ocrx_word' id='word_1_261' title='bbox 286 3013 414 3078; x_wconf 78' lang='lat' dir='ltr'>judicibus</span> <span class='ocrx_word' id='word_1_262' title='bbox 426 3013 456 3066; x_wconf 81' lang='lat' dir='ltr'>src</span> <span class='ocrx_word' id='word_1_263' title='bbox 471 3016 549 3066; x_wconf 86' lang='lat' dir='ltr'>videri</span> <span class='ocrx_word' id='word_1_264' title='bbox 560 3014 687 3074; x_wconf 86' lang='lat' dir='ltr'>disertum,</span> <span class='ocrx_word' id='word_1_265' title='bbox 735 3030 772 3064; x_wconf 89' lang='lat' dir='ltr'>mo</span> <span class='ocrx_word' id='word_1_266' title='bbox 781 3013 869 3083; x_wconf 85' lang='lat' dir='ltr'>potuit,</span> <span class='ocrx_word' id='word_1_267' title='bbox 896 3031 921 3064; x_wconf 81' lang='lat' dir='ltr'>ut</span> <span class='ocrx_word' id='word_1_268' title='bbox 933 3012 1065 3080; x_wconf 84' lang='lat' dir='ltr'>intelligere</span> <span class='ocrx_word' id='word_1_269' title='bbox 1071 3011 1150 3080; x_wconf 51' lang='lat' dir='ltr'>posset,</span> <span class='ocrx_word' id='word_1_270' title='bbox 1162 3014 1222 3084; x_wconf 84' lang='lat' dir='ltr'>quid</span> 
     </span>
     <span class='ocr_line' id='line_1_31' title="bbox 199 3081 1218 3153; baseline 0.003 -21"><span class='ocrx_word' id='word_1_271' title='bbox 199 3093 238 3141; x_wconf 84' lang='lat' dir='ltr'>ut,</span> <span class='ocrx_word' id='word_1_272' title='bbox 257 3099 314 3152; x_wconf 85' lang='lat' dir='ltr'>quae</span> <span class='ocrx_word' id='word_1_273' title='bbox 333 3083 419 3148; x_wconf 83' lang='lat' dir='ltr'>juvant</span> <span class='ocrx_word' id='word_1_274' title='bbox 436 3083 510 3153; x_wconf 76' lang='lat' dir='ltr'>ipsius</span> <span class='ocrx_word' id='word_1_275' title='bbox 528 3084 634 3145; x_wconf 89' lang='lat' dir='ltr'>causam,</span> <span class='ocrx_word' id='word_1_276' title='bbox 653 3086 684 3136; x_wconf 86' lang='lat' dir='ltr'>ab</span> <span class='ocrx_word' id='word_1_277' title='bbox 734 3082 832 3134; x_wconf 80' lang='lat' dir='ltr'>diceret.</span> <span class='ocrx_word' id='word_1_278' title='bbox 891 3099 915 3133; x_wconf 87' lang='lat' dir='ltr'>oc</span> <span class='ocrx_word' id='word_1_279' title='bbox 931 3082 970 3133; x_wconf 83' lang='lat' dir='ltr'>ille</span> <span class='ocrx_word' id='word_1_280' title='bbox 986 3081 1218 3149; x_wconf 77' lang='lat' dir='ltr'>atraminfaliarum</span> 
     </span>
     <span class='ocr_line' id='line_1_32' title="bbox 199 3149 1218 3223; baseline 0 -19"><span class='ocrx_word' id='word_1_281' title='bbox 199 3149 299 3221; x_wconf 76' lang='lat' dir='ltr'>ingenio</span> <span class='ocrx_word' id='word_1_282' title='bbox 310 3151 384 3222; x_wconf 80' lang='lat' dir='ltr'>ipsun</span> <span class='ocrx_word' id='word_1_283' title='bbox 391 3173 404 3216; x_wconf 69' lang='lat'>3·</span> <span class='ocrx_word' id='word_1_284' title='bbox 418 3169 475 3222; x_wconf 84' lang='lat' dir='ltr'>quae</span> <span class='ocrx_word' id='word_1_285' title='bbox 486 3153 590 3214; x_wconf 83' lang='lat' dir='ltr'>laedunt,</span> <span class='ocrx_word' id='word_1_286' title='bbox 601 3155 634 3204; x_wconf 87' lang='lat' dir='ltr'>ab</span> <span class='ocrx_word' id='word_1_287' title='bbox 646 3153 684 3223; x_wconf 86' lang='lat' dir='ltr'>ip·</span> <span class='ocrx_word' id='word_1_288' title='bbox 732 3150 953 3220; x_wconf 62' lang='lat' dir='ltr'>cazillafaceritmn</span> <span class='ocrx_word' id='word_1_289' title='bbox 964 3149 1005 3201; x_wconf 87' lang='lat' dir='ltr'>boc</span> <span class='ocrx_word' id='word_1_290' title='bbox 1014 3152 1218 3222; x_wconf 77' lang='lat' dir='ltr'>genmeeloqaen·</span> 
     </span>
     <span class='ocr_line' id='line_1_33' title="bbox 96 3217 1218 3292; baseline 0.002 -20"><span class='ocrx_word' id='word_1_291' title='bbox 96 3281 98 3285; x_wconf 14' lang='grc' dir='ltr'><em>Α</em></span> <span class='ocrx_word' id='word_1_292' title='bbox 195 3219 225 3280; x_wconf 72' lang='lat' dir='ltr'>,sa</span> <span class='ocrx_word' id='word_1_293' title='bbox 245 3221 316 3272; x_wconf 82' lang='lat' dir='ltr'>causa</span> <span class='ocrx_word' id='word_1_294' title='bbox 334 3221 443 3290; x_wconf 69' lang='lat' dir='ltr'>profetia</span> <span class='ocrx_word' id='word_1_295' title='bbox 459 3224 616 3275; x_wconf 80' lang='lat' dir='ltr'>arbitrentur.</span> <span class='ocrx_word' id='word_1_296' title='bbox 645 3223 684 3275; x_wconf 89' lang='lat' dir='ltr'>Sic</span> <span class='ocrx_word' id='word_1_297' title='bbox 733 3219 775 3272; x_wconf 83' lang='lat' dir='ltr'>tiae</span> <span class='ocrx_word' id='word_1_298' title='bbox 786 3221 924 3282; x_wconf 68' lang='lat' dir='ltr'>deleamur,</span> <span class='ocrx_word' id='word_1_299' title='bbox 935 3217 1018 3289; x_wconf 80' lang='lat' dir='ltr'>nescio.</span> <span class='ocrx_word' id='word_1_300' title='bbox 1037 3217 1139 3282; x_wconf 75' lang='lat' dir='ltr'>Tamen,</span> <span class='ocrx_word' id='word_1_301' title='bbox 1142 3223 1168 3290; x_wconf 79' lang='lat' dir='ltr'><em>st</em></span> <span class='ocrx_word' id='word_1_302' title='bbox 1176 3222 1218 3292; x_wconf 81' lang='lat' dir='ltr'>qra&#39;</span> 
     </span>
     <span class='ocr_line' id='line_1_34' title="bbox 199 3287 1216 3362; baseline 0.003 -22"><span class='ocrx_word' id='word_1_303' title='bbox 199 3291 265 3341; x_wconf 85' lang='lat' dir='ltr'>enirn</span> <span class='ocrx_word' id='word_1_304' title='bbox 285 3292 437 3344; x_wconf 82' lang='lat' dir='ltr'>vehementer</span> <span class='ocrx_word' id='word_1_305' title='bbox 455 3291 545 3343; x_wconf 85' lang='lat' dir='ltr'>malam</span> <span class='ocrx_word' id='word_1_306' title='bbox 562 3291 686 3362; x_wconf 88' lang='lat' dir='ltr'>putabunt</span> <span class='ocrx_word' id='word_1_307' title='bbox 733 3289 849 3341; x_wconf 83' lang='lat' dir='ltr'>acutiores</span> <span class='ocrx_word' id='word_1_308' title='bbox 858 3287 1216 3360; x_wconf 79' lang='lat' dir='ltr'>inconciomesleterant‚delege</span> 
     </span>
     <span class='ocr_line' id='line_1_35' title="bbox 199 3356 1215 3439; baseline 0.004 -31"><span class='ocrx_word' id='word_1_309' title='bbox 199 3358 307 3420; x_wconf 82' lang='lat' dir='ltr'>caulam,</span> <span class='ocrx_word' id='word_1_310' title='bbox 319 3377 377 3439; x_wconf 75' lang='lat' dir='ltr'>quae</span> <span class='ocrx_word' id='word_1_311' title='bbox 392 3377 422 3414; x_wconf 87' lang='lat' dir='ltr'>ne</span> <span class='ocrx_word' id='word_1_312' title='bbox 438 3359 481 3411; x_wconf 85' lang='lat' dir='ltr'>ilio</span> <span class='ocrx_word' id='word_1_313' title='bbox 499 3361 598 3430; x_wconf 85' lang='lat' dir='ltr'>quidem</span> <span class='ocrx_word' id='word_1_314' title='bbox 616 3363 685 3429; x_wconf 87' lang='lat' dir='ltr'>inge·</span> <span class='ocrx_word' id='word_1_315' title='bbox 732 3358 839 3424; x_wconf 81' lang='lat' dir='ltr'>agraria</span> <span class='ocrx_word' id='word_1_316' title='bbox 850 3357 924 3428; x_wconf 79' lang='lat' dir='ltr'>nescio</span> <span class='ocrx_word' id='word_1_317' title='bbox 935 3356 994 3430; x_wconf 85' lang='lat' dir='ltr'>quid</span> <span class='ocrx_word' id='word_1_318' title='bbox 1003 3357 1101 3426; x_wconf 73' lang='lat' dir='ltr'>volmffl</span> <span class='ocrx_word' id='word_1_319' title='bbox 1112 3376 1166 3410; x_wconf 83' lang='lat' dir='ltr'>eum</span> <span class='ocrx_word' id='word_1_320' title='bbox 1177 3361 1215 3412; x_wconf 81' lang='lat' dir='ltr'>m·-</span> 
     </span>
     <span class='ocr_line' id='line_1_36' title="bbox 198 3425 1215 3498; baseline 0.007 -23"><span class='ocrx_word' id='word_1_321' title='bbox 198 3427 242 3476; x_wconf 90' lang='lat' dir='ltr'>nio</span> <span class='ocrx_word' id='word_1_322' title='bbox 252 3443 333 3481; x_wconf 78' lang='lat' dir='ltr'>ornari</span> <span class='ocrx_word' id='word_1_323' title='bbox 343 3429 423 3497; x_wconf 87' lang='lat' dir='ltr'>poffit.</span> <span class='ocrx_word' id='word_1_324' title='bbox 448 3429 489 3482; x_wconf 87' lang='lat' dir='ltr'>Ita</span> <span class='ocrx_word' id='word_1_325' title='bbox 505 3442 590 3481; x_wconf 83' lang='lat' dir='ltr'>contra</span> <span class='ocrx_word' id='word_1_326' title='bbox 601 3447 629 3481; x_wconf 87' lang='lat' dir='ltr'>ea</span> <span class='ocrx_word' id='word_1_327' title='bbox 640 3435 685 3498; x_wconf 89' lang='lat' dir='ltr'>p&#39;ro</span> <span class='ocrx_word' id='word_1_328' title='bbox 732 3425 993 3498; x_wconf 67' lang='lat' dir='ltr'>cerasuspicabamur.</span> <span class='ocrx_word' id='word_1_329' title='bbox 1003 3425 1085 3479; x_wconf 87' lang='lat' dir='ltr'>Pisoni</span> <span class='ocrx_word' id='word_1_330' title='bbox 1095 3447 1119 3479; x_wconf 88' lang='lat' dir='ltr'>c.</span> <span class='ocrx_word' id='word_1_331' title='bbox 1130 3439 1215 3482; x_wconf 58' lang='lat' dir='ltr'>utar·</span> 
     </span>
     <span class='ocr_line' id='line_1_37' title="bbox 199 3493 1216 3568; baseline 0.003 -22"><span class='ocrx_word' id='word_1_332' title='bbox 199 3494 307 3556; x_wconf 70' lang='lat' dir='ltr'>Pauono</span> <span class='ocrx_word' id='word_1_333' title='bbox 317 3497 360 3558; x_wconf 84' lang='lat' dir='ltr'>est,</span> <span class='ocrx_word' id='word_1_334' title='bbox 371 3513 420 3548; x_wconf 90' lang='lat' dir='ltr'>non</span> <span class='ocrx_word' id='word_1_335' title='bbox 437 3497 515 3566; x_wconf 89' lang='lat' dir='ltr'>ipsum</span> <span class='ocrx_word' id='word_1_336' title='bbox 533 3499 684 3568; x_wconf 76' lang='lat' dir='ltr'>ingeniosum</span> <span class='ocrx_word' id='word_1_337' title='bbox 731 3495 831 3547; x_wconf 76' lang='lat' dir='ltr'>ditatam</span> <span class='ocrx_word' id='word_1_338' title='bbox 846 3493 946 3563; x_wconf 82' lang='lat' dir='ltr'>ingenii,</span> <span class='ocrx_word' id='word_1_339' title='bbox 957 3495 1089 3564; x_wconf 79' lang='lat' dir='ltr'>stuporem,</span> <span class='ocrx_word' id='word_1_340' title='bbox 1104 3497 1216 3549; x_wconf 78' lang='lat' dir='ltr'>debilita-</span> 
     </span>
     <span class='ocr_line' id='line_1_38' title="bbox 108 3561 1214 3636; baseline 0.001 -18"><span class='ocrx_word' id='word_1_341' title='bbox 108 3609 112 3618; x_wconf 91' lang='lat'>.</span> <span class='ocrx_word' id='word_1_342' title='bbox 194 3563 333 3630; x_wconf 51' lang='lat' dir='ltr'>iudicibus,</span> <span class='ocrx_word' id='word_1_343' title='bbox 345 3567 383 3620; x_wconf 72' lang='lat' dir='ltr'>std</span> <span class='ocrx_word' id='word_1_344' title='bbox 395 3567 492 3620; x_wconf 82' lang='lat' dir='ltr'>causam</span> <span class='ocrx_word' id='word_1_345' title='bbox 503 3567 576 3636; x_wconf 73' lang='lat' dir='ltr'>ipius</span> <span class='ocrx_word' id='word_1_346' title='bbox 595 3569 690 3620; x_wconf 86' lang='lat' dir='ltr'>bonam</span> <span class='ocrx_word' id='word_1_347' title='bbox 730 3565 918 3634; x_wconf 77' lang='lat' dir='ltr'>temquetinguae</span> <span class='ocrx_word' id='word_1_348' title='bbox 928 3566 1024 3628; x_wconf 80' lang='lat' dir='ltr'>objicit.</span> <span class='ocrx_word' id='word_1_349' title='bbox 1044 3567 1075 3618; x_wconf 90' lang='lat' dir='ltr'>In</span> <span class='ocrx_word' id='word_1_350' title='bbox 1091 3561 1214 3636; x_wconf 83' lang='lat' dir='ltr'>Philippi-</span> 
     </span>
     <span class='ocr_line' id='line_1_39' title="bbox 197 3633 1214 3706; baseline 0.004 -22"><span class='ocrx_word' id='word_1_351' title='bbox 197 3633 286 3706; x_wconf 78' lang='lat' dir='ltr'>videri.</span> <span class='ocrx_word' id='word_1_352' title='bbox 309 3637 404 3705; x_wconf 83' lang='lat' dir='ltr'>Saepius</span> <span class='ocrx_word' id='word_1_353' title='bbox 421 3636 467 3688; x_wconf 90' lang='lat' dir='ltr'>hoc</span> <span class='ocrx_word' id='word_1_354' title='bbox 484 3636 591 3688; x_wconf 86' lang='lat' dir='ltr'>inculcat</span> <span class='ocrx_word' id='word_1_355' title='bbox 608 3638 683 3688; x_wconf 89' lang='lat' dir='ltr'>Fabi·</span> <span class='ocrx_word' id='word_1_356' title='bbox 732 3651 760 3684; x_wconf 85' lang='lat' dir='ltr'>ca</span> <span class='ocrx_word' id='word_1_357' title='bbox 772 3634 845 3684; x_wconf 88' lang='lat' dir='ltr'>altera</span> <span class='ocrx_word' id='word_1_358' title='bbox 856 3634 935 3684; x_wconf 87' lang='lat' dir='ltr'>multa</span> <span class='ocrx_word' id='word_1_359' title='bbox 949 3633 1032 3702; x_wconf 83' lang='lat' dir='ltr'>palsrm</span> <span class='ocrx_word' id='word_1_360' title='bbox 1050 3634 1076 3685; x_wconf 90' lang='lat' dir='ltr'>in</span> <span class='ocrx_word' id='word_1_361' title='bbox 1092 3634 1214 3704; x_wconf 81' lang='lat' dir='ltr'>stuporem</span> 
     </span>
     <span class='ocr_line' id='line_1_40' title="bbox 196 3703 1212 3767; baseline 0.002 -11"><span class='ocrx_word' id='word_1_362' title='bbox 196 3717 239 3763; x_wconf 78' lang='lat' dir='ltr'>ua,</span> <span class='ocrx_word' id='word_1_363' title='bbox 250 3721 281 3755; x_wconf 88' lang='lat' dir='ltr'>ne</span> <span class='ocrx_word' id='word_1_364' title='bbox 291 3722 376 3758; x_wconf 81' lang='lat' dir='ltr'>auram</span> <span class='ocrx_word' id='word_1_365' title='bbox 389 3717 413 3756; x_wconf 90' lang='lat' dir='ltr'>et</span> <span class='ocrx_word' id='word_1_366' title='bbox 423 3717 522 3760; x_wconf 83' lang='lat' dir='ltr'>ventum</span> <span class='ocrx_word' id='word_1_367' title='bbox 530 3705 610 3760; x_wconf 88' lang='lat' dir='ltr'>laudis</span> <span class='ocrx_word' id='word_1_368' title='bbox 621 3705 682 3757; x_wconf 87' lang='lat' dir='ltr'>dum</span> <span class='ocrx_word' id='word_1_369' title='bbox 730 3704 845 3754; x_wconf 87' lang='lat' dir='ltr'>Autouii&#39;</span> <span class='ocrx_word' id='word_1_370' title='bbox 868 3704 933 3754; x_wconf 81' lang='lat' dir='ltr'>circa</span> <span class='ocrx_word' id='word_1_371' title='bbox 954 3715 1032 3754; x_wconf 78' lang='lat' dir='ltr'>artem</span> <span class='ocrx_word' id='word_1_372' title='bbox 1054 3703 1212 3767; x_wconf 78' lang='lat' dir='ltr'>rhetoricam,</span> 
     </span>
     <span class='ocr_line' id='line_1_41' title="bbox 197 3769 953 3843; baseline -0.001 -21"><span class='ocrx_word' id='word_1_373' title='bbox 197 3769 299 3840; x_wconf 82' lang='lat' dir='ltr'>captant</span> <span class='ocrx_word' id='word_1_374' title='bbox 317 3775 487 3836; x_wconf 79' lang='lat' dir='ltr'>adolescentes,</span> <span class='ocrx_word' id='word_1_375' title='bbox 511 3775 607 3826; x_wconf 87' lang='lat' dir='ltr'>causam</span> <span class='ocrx_word' id='word_1_376' title='bbox 624 3791 681 3843; x_wconf 88' lang='lat' dir='ltr'>pru·</span> <span class='ocrx_word' id='word_1_377' title='bbox 729 3772 860 3842; x_wconf 69' lang='lat' dir='ltr'>prasertim</span> <span class='ocrx_word' id='word_1_378' title='bbox 872 3790 895 3823; x_wconf 92' lang='lat' dir='ltr'>c.</span> <span class='ocrx_word' id='word_1_379' title='bbox 910 3789 953 3833; x_wconf 91' lang='lat'>17.</span> 
     </span>
     <span class='ocr_line' id='line_1_42' title="bbox 195 3839 1213 3910; baseline 0.004 -19"><span class='ocrx_word' id='word_1_380' title='bbox 195 3839 267 3894; x_wconf 78' lang='lat' dir='ltr'>dant.</span> <span class='ocrx_word' id='word_1_381' title='bbox 730 3853 733 3868; x_wconf 68' lang='lat'><strong>⁴</strong></span> <span class='ocrx_word' id='word_1_382' title='bbox 767 3859 808 3908; x_wconf 83' lang='lat'>39.</span> <span class='ocrx_word' id='word_1_383' title='bbox 825 3843 892 3893; x_wconf 82' lang='lat' dir='ltr'>adv.</span> <span class='ocrx_word' id='word_1_384' title='bbox 907 3840 1047 3910; x_wconf 75' lang='lat' dir='ltr'>Qz&#39;ntiam]</span> <span class='ocrx_word' id='word_1_385' title='bbox 1065 3840 1213 3896; x_wconf 86' lang='lat' dir='ltr'>Tribunum</span> 
     </span>
     <span class='ocr_line' id='line_1_43' title="bbox 223 3906 1210 3982; baseline 0.004 -22"><span class='ocrx_word' id='word_1_386' title='bbox 223 3911 298 3974; x_wconf 80' lang='lat' dir='ltr'>38.ia</span> <span class='ocrx_word' id='word_1_387' title='bbox 304 3911 411 3976; x_wconf 81' lang='lat' dir='ltr'>Rullum]</span> <span class='ocrx_word' id='word_1_388' title='bbox 421 3931 447 3972; x_wconf 73' lang='grc' dir='ltr'>ι,</span> <span class='ocrx_word' id='word_1_389' title='bbox 455 3909 483 3976; x_wconf 55' lang='lat'>53</span> <span class='ocrx_word' id='word_1_390' title='bbox 489 3912 614 3964; x_wconf 88' lang='lat' dir='ltr'>Nimirum</span> <span class='ocrx_word' id='word_1_391' title='bbox 621 3928 681 3963; x_wconf 86' lang='lat' dir='ltr'>cau·</span> <span class='ocrx_word' id='word_1_392' title='bbox 729 3907 808 3978; x_wconf 86' lang='lat' dir='ltr'>plebis</span> <span class='ocrx_word' id='word_1_393' title='bbox 820 3906 843 3962; x_wconf 71' lang='grc' dir='ltr'>ὲ.</span> <span class='ocrx_word' id='word_1_394' title='bbox 855 3928 901 3973; x_wconf 88' lang='lat'>40.</span> <span class='ocrx_word' id='word_1_395' title='bbox 932 3909 1023 3971; x_wconf 80' lang='lat' dir='ltr'>Facite,</span> <span class='ocrx_word' id='word_1_396' title='bbox 1034 3919 1061 3961; x_wconf 89' lang='lat' dir='ltr'>ut</span> <span class='ocrx_word' id='word_1_397' title='bbox 1076 3929 1123 3962; x_wconf 87' lang='lat' dir='ltr'>mon</span> <span class='ocrx_word' id='word_1_398' title='bbox 1132 3913 1210 3982; x_wconf 83' lang='lat' dir='ltr'>solum</span> 
     </span>
    </p>
   </div>
   <div class='ocr_carea' id='block_1_6' title="bbox 196 3976 1324 4051">
    <p class='ocr_par' dir='ltr' id='par_1_16' title="bbox 196 3976 1324 4051">
     <span class='ocr_line' id='line_1_44' title="bbox 196 3976 1324 4051; baseline 0.005 -23"><span class='ocrx_word' id='word_1_399' title='bbox 196 3976 228 4029; x_wconf 84' lang='lat' dir='ltr'>sae</span> <span class='ocrx_word' id='word_1_400' title='bbox 243 3981 367 4041; x_wconf 83' lang='lat' dir='ltr'>intererat,</span> <span class='ocrx_word' id='word_1_401' title='bbox 379 3981 483 4033; x_wconf 88' lang='lat' dir='ltr'>Rullum</span> <span class='ocrx_word' id='word_1_402' title='bbox 495 3981 618 4034; x_wconf 87' lang='lat' dir='ltr'>hominem</span> <span class='ocrx_word' id='word_1_403' title='bbox 634 3981 681 4032; x_wconf 85' lang='lat' dir='ltr'>sto·</span> <span class='ocrx_word' id='word_1_404' title='bbox 729 3996 805 4030; x_wconf 84' lang='lat' dir='ltr'>mores</span> <span class='ocrx_word' id='word_1_405' title='bbox 830 3979 891 4046; x_wconf 83' lang='lat' dir='ltr'><em>ejus,</em></span> <span class='ocrx_word' id='word_1_406' title='bbox 916 3989 941 4046; x_wconf 67' lang='lat' dir='ltr'>e}</span> <span class='ocrx_word' id='word_1_407' title='bbox 966 3979 1146 4048; x_wconf 72' lang='lat' dir='ltr'>arrogantiam,</span> <span class='ocrx_word' id='word_1_408' title='bbox 1162 3985 1213 4051; x_wconf 85' lang='lat' dir='ltr'>sed</span> <span class='ocrx_word' id='word_1_409' title='bbox 1319 3989 1324 3993; x_wconf 85' lang='lat'>&#39;</span> 
     </span>
    </p>
   </div>
   <div class='ocr_carea' id='block_1_7' title="bbox 130 4043 1293 4196">
    <p class='ocr_par' dir='ltr' id='par_1_17' title="bbox 130 4043 1293 4196">
     <span class='ocr_line' id='line_1_45' title="bbox 130 4043 1211 4120; baseline 0 -20"><span class='ocrx_word' id='word_1_410' title='bbox 130 4043 131 4048; x_wconf 35' lang='lat'>¹</span> <span class='ocrx_word' id='word_1_411' title='bbox 194 4043 275 4100; x_wconf 85' lang='lat' dir='ltr'>lidum</span> <span class='ocrx_word' id='word_1_412' title='bbox 284 4065 311 4100; x_wconf 81' lang='lat' dir='ltr'>ac</span> <span class='ocrx_word' id='word_1_413' title='bbox 322 4067 413 4101; x_wconf 84' lang='lat' dir='ltr'>vanum</span> <span class='ocrx_word' id='word_1_414' title='bbox 425 4047 608 4104; x_wconf 68' lang='lat' dir='ltr'>victerisuimis</span> <span class='ocrx_word' id='word_1_415' title='bbox 619 4047 678 4118; x_wconf 77' lang='lat' dir='ltr'>lapi·</span> <span class='ocrx_word' id='word_1_416' title='bbox 727 4047 803 4098; x_wconf 79' lang='lat' dir='ltr'>etiam</span> <span class='ocrx_word' id='word_1_417' title='bbox 812 4047 911 4099; x_wconf 81' lang='lat' dir='ltr'>vultum</span> <span class='ocrx_word' id='word_1_418' title='bbox 921 4057 994 4118; x_wconf 82' lang='lat' dir='ltr'>atque</span> <span class='ocrx_word' id='word_1_419' title='bbox 1004 4048 1128 4110; x_wconf 68' lang='lat' dir='ltr'>amioum,</span> <span class='ocrx_word' id='word_1_420' title='bbox 1139 4061 1211 4120; x_wconf 68' lang='lat' dir='ltr'>caprae</span> 
     </span>
     <span class='ocr_line' id='line_1_46' title="bbox 193 4115 1293 4196; baseline 0.004 -28"><span class='ocrx_word' id='word_1_421' title='bbox 193 4115 293 4170; x_wconf 66' lang='lat' dir='ltr'>charra</span> <span class='ocrx_word' id='word_1_422' title='bbox 304 4121 387 4178; x_wconf 82' lang='lat' dir='ltr'>verba,</span> <span class='ocrx_word' id='word_1_423' title='bbox 399 4137 475 4188; x_wconf 87' lang='lat' dir='ltr'>quarn</span> <span class='ocrx_word' id='word_1_424' title='bbox 490 4131 521 4172; x_wconf 85' lang='lat' dir='ltr'>ut</span> <span class='ocrx_word' id='word_1_425' title='bbox 534 4120 681 4187; x_wconf 74' lang='lat' dir='ltr'>pr&#39;oete&#39;nuit·</span> <span class='ocrx_word' id='word_1_426' title='bbox 728 4116 796 4167; x_wconf 84' lang='lat' dir='ltr'>illam</span> <span class='ocrx_word' id='word_1_427' title='bbox 807 4117 923 4186; x_wconf 84' lang='lat' dir='ltr'>usquead</span> <span class='ocrx_word' id='word_1_428' title='bbox 937 4117 998 4196; x_wconf 76' lang='lat' dir='ltr'>talos</span> <span class='ocrx_word' id='word_1_429' title='bbox 1014 4117 1134 4188; x_wconf 74' lang='lat' dir='ltr'>demrffam</span> <span class='ocrx_word' id='word_1_430' title='bbox 1149 4125 1225 4188; x_wconf 71' lang='lat' dir='ltr'>par-¹</span> <span class='ocrx_word' id='word_1_431' title='bbox 1273 4164 1293 4174; x_wconf 66' lang='grc'>-</span> 
     </span>
    </p>
   </div>
   <div class='ocr_carea' id='block_1_8' title="bbox 193 4182 987 4322">
    <p class='ocr_par' dir='ltr' id='par_1_18' title="bbox 193 4182 987 4322">
     <span class='ocr_line' id='line_1_47' title="bbox 193 4182 987 4259; baseline 0.008 -23"><span class='ocrx_word' id='word_1_432' title='bbox 193 4185 216 4236; x_wconf 89' lang='lat' dir='ltr'>ri</span> <span class='ocrx_word' id='word_1_433' title='bbox 230 4182 331 4254; x_wconf 66' lang='lat' dir='ltr'>porum</span> <span class='ocrx_word' id='word_1_434' title='bbox 352 4187 468 4258; x_wconf 82' lang='lat' dir='ltr'>Explicat</span> <span class='ocrx_word' id='word_1_435' title='bbox 481 4188 681 4259; x_wconf 79' lang='lat' dir='ltr'>orationemsam</span> <span class='ocrx_word' id='word_1_436' title='bbox 722 4195 815 4254; x_wconf 83' lang='lat' dir='ltr'>puram</span> <span class='ocrx_word' id='word_1_437' title='bbox 823 4185 987 4242; x_wconf 67' lang='lat' dir='ltr'>recadtmai.</span> 
     </span>
     <span class='ocr_line' id='line_1_48' title="bbox 238 4273 787 4322; baseline 0.002 -3"><span class='ocrx_word' id='word_1_438' title='bbox 238 4273 326 4321; x_wconf 75' lang='lat' dir='ltr'>vot.</span> <span class='ocrx_word' id='word_1_439' title='bbox 347 4276 373 4322; x_wconf 88' lang='lat'>1.</span> <span class='ocrx_word' id='word_1_440' title='bbox 763 4275 787 4320; x_wconf 77' lang='grc' dir='ltr'><strong>Υ</strong></span> 
     </span>
    </p>
   </div>
   <div class='ocr_carea' id='block_1_9' title="bbox 0 0 1504 4908">
    <p class='ocr_par' dir='ltr' id='par_1_19' title="bbox 0 0 1504 4908">
     <span class='ocr_line' id='line_1_49' title="bbox 0 0 1504 4908; baseline 0 5"><span class='ocrx_word' id='word_1_441' title='bbox 0 0 1504 4908; x_wconf 95' lang='lat' dir='ltr'> </span> 
     </span>
    </p>
   </div>
  </div>
 </body>
</html>
