3024 4916
216 322 242 424 ⁸.
264 385 320 450 1¹54
493 371 537 428 u.
558 371 682 432 rnru
704 369 1051 436 onrucrrmnur

258 529 379 620 rumpit
402 551 440 596 ac
463 531 692 620 propemodum
718 533 822 620 perdit
847 533 1007 618 indecora,
1034 535 1085 602 vel
1114 545 1203 620 voee5
1231 541 1284 606 rel

257 621 359 708 gestu,
381 619 604 704 pronuntiatio(
636 619 725 683 Huic
748 643 877 706 quoque
903 621 1003 707 igitur
1028 623 1217 689 tribuendus
1238 628 1283 690 est
1313 645 1316 660 ·

257 703 426 768 necessario
441 703 571 788 quintus
585 703 686 768 locus.
729 706 802 768 Nee
822 705 970 770 audiendi
985 708 1129 794 quidam,
1145 731 1316 804 quorum4
1381 725 1389 733 ‘

255 789 299 853 est
314 787 480 866 Albutius,
496 790 551 876 qui
575 787 662 852 tres²¹
689 790 786 854 modo
810 791 927 878 primas
952 793 1012 857 effe
1032 806 1135 878 partes
1157 795 1281 876 volunt,

255 874 332 960 quia
361 873 497 936 meritoria
523 889 618 960 atque
642 877 717 940 attio
738 889 859 954 natura,
886 899 951 942 non
974 891 1052 956 arte,
1078 878 1280 966 contingant:

277 981 390 1022 uarum
404 980 462 1022 nos
478 971 635 1045 praecepta
648 961 704 1024 suo
714 961 786 1026 loco
800 962 969 1026 dabimus:
992 962 1069 1026 licet
1086 963 1281 1052 Thrasyma·
1324 976 1325 980 ’

254 985 334 1112 libus
349 1065 477 1130 quoque
491 1043 576 1107 idem
600 1046 636 1108 de
657 1047 767 1110 actione
781 1047 962 1112 crediderit.
1008 1049 1072 1111 His
1096 1048 1282 1134 adjecerunt
1291 1072 1315 1144 5

247 1128 386 1219 -quidanr
400 1129 516 1192 sextam
532 1143 665 1215 purtem,
680 1133 725 1195 ita
740 1143 777 1195 ut
790 1133 965 1196 inventioni
982 1133 1133 1217 judicium
1146 1135 1281 1202 subnec-

254 1227 371 1292 terem,
387 1213 462 1300 quia
476 1215 613 1298 primum
629 1216 703 1279 e'ss'et
723 1217 868 1297 iuvenire,
883 1217 1001 1282 deinde
1013 1217 1167 1302 judicare.
1209 1221 1282 1306 Ego

253 1319 346 1388 porro
360 1320 401 1362 ne
415 1298 564 1363 invenisse
581 1301 711 1386 quidem
726 1303 821 1366 credo
836 1324 922 1382 eum,-
938 1303 994 1390 qui
1018 1324 1083 1366 non
1101 1302 1279 1388 judicavitr

253 1391 312 1450 nec
337 1383 423 1446 enirn
450 1385 616 1464 contraria,
644 1387 838 1463 communia,
862 1387 964 1467 stulto,
988 1387 1137 1452 invenisse
1163 1389 1282 1455 dicitur

255 1470 432 1558 quisquam,
444 1467 497 1532 sed
512 1492 576 1532 non
590 1471 708 1536 vitasse.
751 1475 795 1535 Et
816 1471 929 1537 Cicero
949 1473 1081 1559 quidem
1098 1471 1132 1536 in
1156 1473 1313 1548 Rheto·6

253 1557 328 1620 ricis
337 1553 496 1642 judicium
511 1555 643 1640 subjecit
657 1557 855 1620 inventioni:
877 1558 958 1622 mihi
984 1569 1092 1622 autem
1119 1559 1198 1622 adeo
1221 1559 1279 1623 tri-

253 1643 313 1706 bus
326 1638 437 1726 primis
452 1635 593 1724 partibus
608 1639 734 1706 videtur
754 1643 814 1705 esse
838 1643 1043 1728 permixtum,
1061 1648 1150 1725 (nam
1173 1665 1281 1731 neque

252 1725 392 1812 disputo
417 1723 479 1786 fine
503 1746 554 1802 eo,
568 1747 673 1811 neque
687 1727 805 1790 elocutio
820 1724 934 1821 fueriti
956 1740 993 1790 ut
1012 1728 1280 1814 pronuntiationem

211 1889 213 1895 y
254 1831 385 1898 quoque
398 1807 448 1872 vel
463 1807 634 1894 plurimum
651 1810 710 1874 eu¹
725 1835 765 1875 eo
779 1812 918 1875 mutuari
932 1824 1053 1897 putem.
1099 1813 1198 1879 Quod
1217 1813 1279 1878 hoe
1292 1837 1311 1908 7

252 1893 401 1960 audacius
415 1893 561 1973 dixerim,
576 1895 663 1980 quod
678 1896 709 1958 in
735 1895 1126 1982 partitionibusoratoriis
1149 1897 1189 1961 od
1211 1899 1277 1962 eas-

251 1980 338 2061 dem,
353 1979 393 2042 de
409 1979 525 2066 quibus
538 1978 629 2065 supra
642 1979 765 2045 dietum
781 1981 834 2059 est,
851 1980 992 2068 quinque
1007 1981 1149 2066 pervenit
1163 1996 1278 2081 partes.

252 2065 436 2156 Nemeum
460 2063 628 2150 dupliciter
652 2064 790 2150 primum
819 2063 975 2146 divisisset,
998 2067 1032 2130 in
1061 2065 1279 2134 inventionem

549 2263 563 2301 ¹¹
580 2267 620 2314 tris
631 2266 662 2314 G.
673 2267 737 2315 lens.
800 2263 806 2296 ¹
825 2265 856 2314 ab
868 2267 899 2315 G.
910 2268 974 2318 Jent'.

287 2467 316 2514 4.
341 2465 444 2519 quarum
465 2465 507 2500 nos
519 2447 652 2516 precepta]
681 2450 738 2500 Hoc
786 2447 849 2501 cium
866 2448 942 2518 igitur
959 2447 1091 2510 adhibebit,
1103 2467 1147 2504 nec
1163 2450 1275 2506 inveniet

204 2541 208 2546 ·
252 2520 317 2582 vult,
329 2537 377 2570 non
389 2535 451 2588 opus
463 2515 506 2569 esse
517 2517 565 2569 alia
582 2516 738 2579 refutatione,
779 2517 858 2589 stium
869 2518 928 2588 quid
942 2519 1019 2580 dicut,
1030 2519 1080 2588 sed
1095 2520 1170 2572 etiam
1187 2531 1277 2590 expen.

252 2607 309 2642 curn
327 2591 334 2640 i
354 2588 376 2640 se
394 2588 487 2639 Fabius
502 2589 629 2657 praeceptis
650 2587 738 2638 dandis
787 2589 837 2639 det.
867 2589 963 2657 Pergit,
977 2589 1038 2652 Jam
1054 2590 1277 2660 veruquaet‘nvt-

251 2657 310 2710 satis
328 2609 356 2710 sir
376 2657 521 2718 ostensurus,
531 2667 582 2708 arte
593 2658 668 2708 etiam
681 2674 739 2708 con·
787 2656 861 2718 nerit,
869 2674 919 2727 qua
929 2656 1057 2727 diligentia
1068 2657 1208 2710 collocabit?
1217 2677 1277 2738 puo-

251 2729 356 2798 tingere‚
379 2731 464 2796 augeri
484 2737 549 2779 certe
576 2738 601 2779 et
626 2725 740 2779 illustrari
788 2725 856 2777 niam
875 2727 903 2778 id
914 2728 1046 2798 secuudum
1062 2736 1119 2778 erat
1138 2728 1168 2780 de
1186 2731 1277 2783 tribus.
1301 2753 1304 2757 ·

252 2798 486 2868 pronuntiationem.
789 2795 895 2865 Subjecit
914 2814 972 2866 ergo
988 2794 1109 2865 judicium
1128 2797 1276 2853 inventioni.
1346 2819 1348 2828 ⁴

292 2886 317 2933 5.
335 2865 480 2932 communia]
505 2864 662 2931 Ἀντιςρέφοντα
679 2865 740 2918 alias
788 2864 815 2916 h.
828 2884 850 2916 e.
871 2865 914 2918 sub
931 2883 960 2918 ea
971 2865 1113 2934 complexus
1131 2867 1173 2928 est,
1184 2879 1209 2918 et
1220 2880 1277 2919 ten-

251 2948 380 2997 vocantur,
393 2953 449 3003 quae
468 2934 559 2986 nonin
576 2951 650 2986 unam
665 2936 744 2987 modo'
789 2952 864 3004 quam
876 2952 951 2987 unam
968 2946 992 2985 et
1008 2936 1114 3003 primam
1132 2936 1277 2988 Rhetorices

252 3017 346 3076 partem
376 3005 466 3066 valent3
487 3003 526 3056 sed
548 3005 580 3054 ab
603 3003 739 3056 adversario
787 3017 881 3073 partem
910 3003 1072 3058 inventionem
1102 3021 1159 3054 cum
1180 3005 1277 3068 judicio

251 3077 327 3132 etiam
336 3074 447 3126 adhiberi
455 3074 738 3142 retorqueriqueinauc-
777 3073 912 3126 renotavit.
942 3071 990 3125 Illa
1013 3071 1114 3139 quidem
1128 3071 1277 3142 subjiciendi

253 3157 331 3198 torem
343 3143 448 3211 possunt.
786 3144 856 3192 notio
874 3139 931 3194 curn
949 3139 1063 3192 Ciceroni
1082 3150 1137 3190 tum
1158 3141 1276 3218 Qindti-

290 3217 316 3266 6.
344 3212 370 3268 iu
393 3209 537 3274 Rhetoricis]
561 3211 618 3262 Hoc
641 3210 757 3263 nomine
787 3208 854 3263 liano
869 3209 999 3262 familiaris
1016 3209 1058 3269 est,
1077 3209 1122 3260 ubi
1131 3208 1221 3280 subjici
1236 3211 1277 3264 di-

252 3285 330 3338 nosser
345 3281 405 3332 alias
418 3279 494 3332 libros
506 3280 536 3330 de
547 3279 683 3341 inventione
694 3295 738 3349 ap·
786 3292 876 3330 cuntur
896 3279 986 3348 speeies
1007 3278 1101 3348 generi,
1122 3279 1169 3330 toti
1191 3293 1276 3350 partes

252 3352 337 3422 pellat,
349 3368 374 3402 v.
389 3369 415 3419 g.
431 3369 454 3414 3,
471 3366 552 3413 5,14.
581 3349 611 3399 In
630 3349 670 3400 his
681 3367 739 3410 vero
786 3349 834 3402 &o

248 3439 311 3474 oum
330 3437 380 3472 non
399 3437 423 3470 re
442 3420 559 3481 emautur,
578 3435 633 3484 quae
654 3417 738 3469 laudat
823 3437 849 3481 7.
878 3416 905 3468 in
923 3415 1109 3486 partitionibus]
1136 3419 1182 3470 Ab
1203 3421 1278 3474 initio

251 3491 366 3554 Fabius3
381 3438 460 3540 muita
476 3487 517 3538 hie
533 3487 667 3556 disputant,
685 3498 738 3538 tur·
786 3485 875 3556 stetim,
895 3487 936 3539 Vis
947 3485 1051 3541 oratoris
1067 3488 1098 3558 est
1114 3487 1140 3542 in
1158 3489 1240 3552 rebus,
1251 3501 1277 3542 et

250 3563 311 3613 baut
332 3560 407 3614 eriam
430 3557 553 3628 quaedam,
581 3557 735 3626 interpretes.
786 3554 931 3608 r‘rrsuerbis.¹
944 3557 993 3607 Sed
1006 3566 1030 3606 et
1046 3574 1086 3608 res
1102 3566 1126 3608 et
1138 3559 1221 3610 verba
1233 3559 1271 3610 in·

228 3667 231 3676 .
252 3628 415 3700 sedrespicit,
427 3639 498 3698 puto,
509 3627 602 3678 Fabius
618 3625 699 3684 locum
713 3627 737 3678 in
785 3626 911 3678 venienda
919 3628 979 3696 stent
996 3635 1020 3677 et
1035 3625 1181 3678 collocanda.
1209 3627 1270 3679 Pro-

161 3700 163 3706 '
250 3703 355 3754 Oratore
375 3714 399 3749 e.
422 3714 454 3759 14
475 3708 499 3748 et
520 3713 561 3760 ις.
587 3696 631 3746 ubi
651 3695 738 3746 diserte
781 3693 838 3764 pria
859 3705 943 3749 autem
963 3694 989 3747 in
1012 3697 1086 3746 rebus
1109 3695 1226 3756 invenire,
1248 3693 1276 3752 ii

267 3771 330 3822 rimo
341 3767 389 3819 tria
399 3767 502 3818 videnda
514 3767 552 3816 ait
561 3764 651 3815 oratori
669 3763 737 3816 Tul·
786 3767 868 3816 verbis
879 3765 960 3831 eloqui
971 3762 1071 3816 dicitur.
1090 3761 1210 3816 Collocare
1226 3781 1272 3817 au-

248 3789 311 3900 dine,
322 3837 380 3908 quid
389 3834 481 3888 dicat?
504 3848 528 3887 et
538 3851 582 3904 quo
591 3833 693 3903 quidque
703 3833 715 3886 l
726 3865 737 3875 ·
785 3843 833 3885 tem
845 3833 886 3900 epi
900 3834 931 3902 est
946 3846 1074 3893 commune,
1086 3841 1168 3884 tamen
1184 3833 1222 3884 ad
1235 3831 1275 3888 in.

249 3906 304 3960 co?
321 3920 346 3958 et
365 3902 500 3976 quomodo?
519 3921 574 3974 quae
595 3903 737 3973 respondent
786 3903 934 3954 veniendum
954 3901 1071 3967 refertur.
1102 3901 1163 3962 Vox,
1187 3911 1274 3964 motus,

250 3977 316 4030 haud
328 3975 404 4028 dubie
422 3975 565 4033 inventioni,
577 3971 735 4042 dispositioni,
786 3973 882 4037 vultus,
894 3982 966 4041 atque
977 3969 1051 4022 omnis
1067 3967 1138 4029 atrio,
1150 3969 1273 4040 eloquendi

247 4047 396 4100 elocutionii
412 4045 464 4108 jam
481 4045 589 4113 primum
606 4044 642 4094 ita
653 4043 729 4110 expli·
778 4057 852 4096 comes
868 4042 908 4112 est,
920 4055 1051 4108 earumque
1062 4054 1145 4091 rerum
1162 4039 1267 4104 omnium

248 4129 298 4177 car,
310 4128 339 4166 ut
355 4115 431 4174 dicat,
443 4128 562 4165 oratorem
574 4121 597 4162 et
614 4111 731 4162 invenire
779 4111 850 4179 custos
859 4112 890 4184 tst
899 4107 1027 4164 memoria.

247 4196 271 4240 et
281 4184 397 4255 judicare
413 4182 473 4254 quid
487 4181 563 4246 dicat,
575 4182 643 4244 item,
656 4177 733 4246 Juli-
