2938 4910
275 417 336 482 4²²⁰
507 401 551 461 M.
574 399 698 461 FABII
720 393 1074 461 QUINCTILIANI

274 565 346 635 haeo
361 561 416 630 nisi
429 563 463 628 in
477 563 543 651 ipso
557 563 727 651 complexu
742 560 915 628 caussamm
930 583 994 625 non
1009 559 1318 648 depreheruluntur.

277 649 497 718 Quaerendum
520 663 628 716 tamen
652 650 784 735 semper,
809 647 888 734 quid
912 647 987 710 cuit
1007 648 1248 729 conuettaturss,
1275 663 1319 716 et

278 735 357 822 quid
373 733 425 800 cui
441 733 623 800 consentiat.

299 821 385 886 lli.
421 821 509 904 (IV.)
546 817 697 906 Sequitur
726 817 941 966 copp'etiurem
958 817 1076 902 finitio.
1120 817 1218 896 Nam,
1247 820 1314 904 qui

277 927 341 969 non
357 905 456 990 potest
470 903 575 968 dicere
589 904 692 970 nibilh
708 903 770 968 feci
794 925 824 984 e,
838 902 1019 990 proximum
1034 902 1231 982 habebitur
1253 905 1314 968 di-

278 1003 342 1066 cat,
358 1011 421 1052 non
446 989 478 1052 id
500 989 615 1068 secisse,
631 987 717 1086 quod
736 987 886 1087 objicitur
898 987 919 1051 ¹.
964 987 1077 1074 ltaque
1098 987 1314 1076 plerumque¹

276 1075 404 1160 legibus
425 1073 535 1138 iisdem
547 1087 579 1154 ¹¹¹,
596 1075 713 1162 quibus
735 1073 928 1174 comestura,
952 1074 1099 1151 versatur,
1119 1073 1314 1140 deseusronis

276 1173 403 1227 tantum
425 1181 544 1246 genere
566 1173 709 1224 mutato:
734 1174 771 1223 ut
796 1182 829 1226 ro
843 1157 956 1244 fietis,
976 1160 1046 1246 depo
1067 1160 1116 1236 tir,
1138 1159 1313 1226 adulteriis.

275 1243 377 1323 Nam,
393 1243 662 1330 quemadmodum
686 1243 838 1322 dicimus,
854 1243 923 1306 Non
935 1242 1002 1329 soei
1060 1256 1149 1322 rtum,
1172 1269 1231 1308 uon
1252 1271 1312 1310 ac-

277 1329 339 1416 cepi
352 1329 518 1418 deputam,
533 1355 591 1394 uon
605 1329 729 1413 commiſs
741 1329 920 1394 adulterium
934 1356 943 1391 r
966 1327 1022 1409 ita,
1038 1329 1109 1392 Non
1123 1329 1311 1415 rsthoesur-

278 1428 351 1492 tum,
377 1439 435 1478 uon
459 1413 497 1499 est
517 1416 589 1478 hoc⁰
613 1414 781 1562 dqtosttum,
798 1438 856 1478 uon
879 1411 916 1500 est
941 1413 991 1476 bor
1012 1414 1202 1478 adulterium.
1248 1418 1310 1480 In·

276 1495 370 1566 terim
387 1499 573 1586 equalitate
587 1499 626 1564 ad
664 1500 840 1566 nitionem⁰
862 1497 1073 1576 descenditur,
1088 1513 1126 1566 ut
1148 1500 1181 1564 in
1202 1501 1311 1565 allio-

277 1573 372 1649 nibus
394 1585 559 1664 dementiae,
574 1586 665 1650 malae
684 1584 880 1662 tractationis,
896 1583 1005 1670 reipub.
1023 1584 1115 1669 laesia,
1131 1586 1163 1648 in
1188 1586 1312 1672 quibus

277 1665 299 1732 sr
323 1671 409 1734 redte
430 1669 515 1736 faeta
535 1669 607 1748 esse,
624 1693 696 1758 quae
717 1669 923 1756 objiciuntur,
939 1667 1004 1732 diei
1023 1691 1087 1732 nou
1102 1671 1209 1755 potest,
1226 1671 1311 1736 illud

276 1753 442 1834 succurrit,
458 1755 525 1820 Non
540 1753 578 1840 cst
592 1757 664 1818 hocr
678 1757 834 1820 dementem
849 1755 913 1839 effe,
927 1754 1004 1818 mole
1018 1764 1158 1834 tractare,
1174 1758 1310 1844 rempub.

279 1838 398 1904 laedere.
444 1840 561 1904 Finitio
582 1839 683 1928 igitur
704 1843 747 1906 est
768 1841 811 1903 rei
830 1839 983 1926 proprfitae
994 1841 1116 1926 proprio
1130 1853 1158 1903 et
1171 1840 1311 1908 dilucida

277 1937 305 1988 et
329 1925 457 1988 breuiter
470 1927 695 2014 comprehensas
716 1925 815 1990 vertis
835 1924 1008 1987 enuntiatio.
1053 1924 1183 1990 Contu
1201 1927 1343 1992 maxi-3

277 2031 342 2087 me,
365 2011 443 2076 ficut
464 2012 527 2074 esir
548 2011 683 2088 dietum,
700 2031 829 2096 genere,
845 2009 958 2096 specie,
981 2007 1209 2088 differentibuu
1229 2031 1309 2098 pro.

279 2095 376 2178 priis:
401 2109 447 2174 ut,
464 2097 489 2174 sr
508 2096 599 2161 tinias
621 2119 755 2184 equum,
774 2103 866 2178 (noto
888 2093 974 2156 enim
999 2095 1137 2158 maxime
1158 2111 1228 2160 utar
1249 2119 1309 2162 ex·

277 2179 398 2265 emplo)
416 2203 520 2266 genus
529 2179 576 2245 ¹est
590 2181 715 2258 animal,
730 2179 858 2266 speeies,
873 2179 1006 2258 mortale,
1022 2179 1207 2259 differentia,
1224 2181 1309 2245 irra-

278 2265 398 2338 tionale,
418 2269 506 2348 (narn
528 2277 561 2328 et
579 2265 679 2328 homo
693 2265 826 2327 mortale
841 2266 942 2342 eretz)
968 2285 1026 2350 pro
1048 2264 1143 2342 rium,
1159 2267 1308 2331 hinniens.

277 2350 359 2412 Haeo
381 2348 553 2414 adhibetur
575 2348 710 2414 orationi
736 2349 767 2412 in
794 2348 938 2435 pluribus
961 2283 1082 2414 caude.
1126 2351 1213 2416 Nam
1232 2355 1343 2416 tum4

275 2435 320 2496 est
334 2447 458 2499 eertum
472 2435 512 2499 de
528 2435 667 2514 nornine,
683 2434 736 2498 sed
752 2433 917 2519 quaeritur‚
935 2455 1006 2519 quae
1023 2455 1072 2498 res
1086 2434 1117 2498 ei
1135 2434 1307 2522 subjicien-

276 2519 318 2582 da
333 2521 391 2582 fit?
416 2533 484 2583 turn
501 2541 549 2584 res
564 2521 607 2583 est
619 2518 790 2597 manifesta,
806 2519 880 2581 sed⁸
894 2518 935 2581 de
950 2519 1080 2583 nomine
1094 2541 1158 2583 non
1173 2523 1306 2590 constat.

275 2605 329 2670 De
354 2625 387 2667 re
415 2613 511 2668 cumt
537 2605 672 2669 dubium
695 2606 750 2684 est,
770 2604 896 2666 interim
919 2603 1103 2668 eon'ettura
1128 2607 1190 2668 esti
1215 2619 1264 2684 ut,
1283 2607 1307 2670 st

276 2700 448 2774 quaeratur,
463 2691 538 2776 quid
548 2689 591 2775 stt
614 2690 726 2752 Deus?
756 2691 854 2768 Nam,
870 2689 926 2774 qui
951 2627 991 2752 id
1006 2702 1114 2775 neget,
1131 2693 1228 2752 Deum
1250 2690 1340 2778 effirS

269 2775 410 2862 spiritum
426 2773 556 2838 erunibus
574 2774 712 2860 portibus
726 2774 898 2851 immixtum,
916 2795 980 2836 non
1001 2773 1062 2836 hoc
1084 2775 1181 2852 dieat,
1197 2774 1307 2842 falsam

275 2859 336 2924 esse
356 2859 443 2924 illius
470 2858 584 2924 divinae
606 2871 728 2924 naturae
746 2859 1015 2946 appellationem?
1040 2859 1118 2926 sicut
1135 2861 1307 2949 Epicurus,

308 3065 319 3096 f
335 3070 422 3130 cuique
434 3069 464 3114 G.
475 3065 539 3114 lens.
611 3075 624 3112 z
640 3067 785 3127 conjeaatur
795 3069 826 3116 G.
892 3069 904 3099 '¹
923 3088 963 3118 om.
976 3071 1006 3118 G.
1079 3068 1084 3101 ³
1104 3067 1229 3130 objiciatur
1239 3073 1307 3124 lens.

276 3135 283 3167 ¹
303 3132 410 3192 pluribus
421 3132 513 3192 legibus
524 3135 554 3179 G.
566 3133 629 3178 Jens.
709 3139 727 3167 Ν
744 3134 808 3180 idem
818 3135 881 3180 Jens.
899 3135 921 3182 id
933 3137 965 3182 est
977 3136 1008 3182 G.
1088 3145 1102 3172 ²¹
1118 3138 1171 3183 haee
1184 3139 1307 3188 mutuatio

277 3195 308 3242 G.
320 3197 383 3242 lens.
399 3211 448 3242 non
460 3197 492 3242 est
504 3197 550 3243 hoc
562 3197 640 3258 depos.
653 3197 691 3243 sed
703 3199 821 3245 mutuatio
832 3199 883 3247 Bas.
895 3209 916 3244 et
926 3202 981 3247 Asc.
994 3199 1100 3247 uidentur
1111 3201 1194 3248 omniuo
1206 3219 1216 3246 e
1224 3201 1305 3266 griffi,

276 3265 288 3288 ⁰
307 3260 476 3308 diffinitionem
489 3261 518 3307 G.
616 3267 628 3300 P
647 3263 694 3308 boc
705 3265 769 3310 dem.
781 3263 826 3309 esse
837 3279 876 3311 om.
889 3265 920 3310 G.
931 3265 993 3312 Jens.
1089 3275 1101 3311 ‘t
1120 3267 1250 3327 compressa
1261 3268 1305 3318 iia.

273 3325 352 3434 erini
365 3326 395 3433 G.
484 3336 493 3363 ε
511 3336 535 3373 et
547 3341 595 3388 quo
607 3341 674 3376 nom.
686 3329 784 3376 constat.
796 3325 826 3374 G.
838 3327 901 3376 lens.
917 3330 960 3392 ngfi
969 3317 1027 3393 qual
1035 3328 1070 3374 lu'o
1081 3330 1154 3390 quod.
1235 3337 1243 3370 t
1260 3349 1304 3384 om.

302 3403 383 3439 ‚en.
526 3399 527 3402 ’

275 3565 359 3616 eadem
377 3583 415 3616 res
429 3565 554 3620 credibilis
571 3565 638 3627 fit,s1
654 3578 765 3618 narretur
812 3568 887 3632 nibus
905 3567 1018 3636 partibus
1034 3569 1151 3632 mixtum,
1169 3571 1214 3626 boc
1230 3573 1303 3636 dicit,

276 3635 378 3699 ordine,
402 3635 563 3695 incredibilis,
581 3635 597 3686 sr
616 3638 765 3705 perturbate,
813 3635 897 3691 fals'am
918 3637 960 3688 esse
972 3639 1062 3688 divinae
1080 3653 1175 3692 naturae
1194 3643 1302 3712 appella-

277 3716 306 3754 ut
318 3704 443 3756 causarum
455 3721 511 3756 curn
524 3707 615 3757 eventis
627 3722 715 3772 nexum
728 3708 765 3758 in·
812 3707 914 3767 tionem,
939 3709 963 3758 in
987 3720 1106 3776 quantum
1136 3709 1231 3778 spiritui
1259 3731 1304 3779 per

277 3774 366 3842 spicere
388 3789 437 3824 non
460 3773 540 3825 liceat.
577 3776 649 3825 Hanc
674 3775 766 3826 senten·
813 3778 897 3828 omnia
919 3775 972 3828 suso
993 3777 1132 3830 tribuitur?
1160 3781 1232 3837 Facit
1255 3783 1302 3834 hoc

277 3846 339 3897 tiam
344 3844 426 3908 juvari
437 3844 576 3910 conjettura
587 3843 674 3906 nostra,
685 3861 766 3907 nemo,
815 3846 949 3914 Epicurus,
961 3847 1006 3914 qui
1023 3847 1072 3900 Dei
1090 3865 1178 3900 nornen
1194 3849 1264 3919 plane
1274 3868 1303 3901 a·

278 3925 349 3980 puto,
362 3912 473 3982 negabit.
815 3913 844 3965 lii
855 3917 888 3966 rei
901 3917 1000 3966 tribuit.
1030 3917 1157 3986 Qraeritur
1174 3920 1260 3988 igitur,
1273 3936 1302 3970 u-

316 3981 369 4042 111,
386 3999 409 4045 3.
428 3980 492 4047 ficut
509 3981 652 4052 esldilium]
675 4000 701 4048 5,
724 4002 766 4046 ro,
816 3993 881 4038 trum
902 3985 929 4036 fit
951 3988 975 4036 in
992 4002 1072 4036 rerum
1090 3999 1177 4038 natura
1189 3988 1223 4048 id,
1235 3991 1304 4057 qnod

278 4069 292 4115 5
298 4068 322 4115 5.
337 4052 391 4118 sqq.
817 4055 893 4105 Stoici
911 4057 993 4108 Deum
1003 4067 1101 4116 vocant,
1113 4073 1143 4107 an
1163 4058 1230 4124 quod
1242 4059 1304 4125 Epi·

314 4137 340 4184 5.
357 4137 403 4176 uon
419 4118 554 4184 lordicat]
574 4122 635 4174 Haet
653 4139 711 4174 curn
729 4123 768 4174 in·
816 4125 902 4176 curci?
921 4141 977 4192 qnae
994 4124 1093 4192 quidem
1110 4127 1247 4190 conjetlura
1262 4127 1306 4192 est,

276 4190 438 4258 terrogatione
461 4189 582 4258 intelligo.
624 4192 710 4242 Nonne
734 4194 765 4252 is,
816 4211 872 4264 qoae
885 4211 941 4246 cum
953 4195 1061 4246 finitione
1073 4194 1112 4246 bie
1123 4197 1258 4254 concurrit.

276 4260 321 4328 qui
334 4270 419 4329 negat,
429 4260 512 4322 Deum
524 4259 569 4320 else
585 4259 696 4330 spiritum
713 4280 766 4320 om-
