3024 4912
246 403 303 466 168
497 407 543 469 Μ.
564 401 689 468 rnen
711 405 1056 468 QUINCTILIANI

242 567 343 670 pulsio
366 567 427 634 erit
449 569 515 637 reir
531 571 557 636 ,fi
583 571 741 638 excitatur
763 568 861 636 fuerit
875 569 915 636 de
929 566 1127 657 spediculit,
1142 580 1176 636 et
1201 581 1278 658 eget

241 653 448 742 injuriarum
481 657 620 744 depulfio
650 657 711 720 erit
739 655 940 732 accusatoris.
986 655 1197 742 Frequentius
1223 669 1274 720 ta-
1289 661 1331 722 26

235 759 316 809 ¹men
332 739 412 804 illud
426 741 561 822 accidet,
576 741 665 829 quod
679 741 722 806 est
736 763 756 805 e
769 741 915 828 pluribus
929 735 1095 817 traditum.
1139 741 1274 828 Effuge·

240 838 318 889 runt
332 825 389 888 has
403 828 589 912 questiones
603 827 658 914 qui
673 825 822 906 dixerunt
836 825 949 891 statum
965 823 1025 910 esse
1043 825 1089 906 id,
1105 826 1194 914 quod
1215 849 1273 914 ap-

239 917 348 996 parent
375 934 413 976 ex
435 913 613 978 intentione
635 923 690 977 ett
714 911 907 998 depulsione,
922 923 971 991 ut,
989 910 1100 997 Fecsti,
1118 910 1273 998 Noufeei,

240 1007 307 1074 aut,
326 995 412 1061 Recte
421 998 499 1084 feri.
543 997 729 1064 Viderimus
743 1011 863 1078 tamen,
878 1009 987 1061 utrum
1003 997 1037 1061 id
1058 997 1094 1061 sit
1109 997 1217 1075 fletus,
1232 1019 1272 1062 un
1286 1008 1324 1062 21

237 1080 272 1143 iu
288 1101 327 1146 eo
344 1083 464 1148 status,
496 1085 714 1172 Hermagoras
728 1082 844 1170 statum
869 1095 974 1162 vocat,
997 1095 1053 1169 per
1076 1103 1172 1170 quem
1196 1083 1272 1148 sub-

231 1163 320 1252 jetra
332 1187 383 1232 res
396 1167 608 1258 intelligatur,
624 1168 710 1234 etad
732 1189 829 1268 quem
849 1167 1064 1254 probationes,
1077 1167 1177 1248 ctiam
1198 1186 1272 1256 par·

236 1251 320 1316 tium
333 1252 520 1320 referantur.
565 1255 678 1318 Nostra
701 1275 721 1318 o
744 1253 810 1318 mio
833 1255 953 1340 semper
973 1251 1154 1332 recluso,
1191 1269 1272 1319 unm

236 1337 335 1402 essent
348 1337 532 1426 frequenter
546 1331 578 1404 iri
595 1341 697 1405 caussa
710 1277 818 1403 divers
834 1327 1043 1424 qurcslionum
1060 1275 1215 1419 ramula
1231 1362 1272 1404 eo
1391 1393 1398 1408 .

234 1423 363 1488 credere
374 1424 506 1512 *βαίνω
519 1427 640 1512 couffir,
656 1426 734 1515 quod
747 1422 812 1512 ᾔει
826 1425 859 1488 in
874 1449 909 1488 ea
922 1417 1141 1512 poteolifflmum
1152 1436 1178 1502 ἢ
1194 1437 1223 1489 et
1238 1427 1271 1490 irr
1360 1458 1365 1462 1

234 1533 290 1597 quo
304 1511 431 1574 maxime
445 1535 490 1577 res
504 1524 682 1578 verteretur.
718 1510 756 1574 Id
770 1511 792 1574 fi
808 1511 880 1598 quis
891 1511 1060 1597 generalem
1074 1509 1268 1598 quaestirnem,

235 1596 288 1660 vel
304 1609 393 1686 caput
413 1597 556 1686 generale
578 1597 684 1662 dicere
710 1596 811 1675 malit,
828 1618 904 1661 oum
931 1597 994 1660 hoe
1019 1596 1099 1659 mihi
1122 1617 1184 1660 non
1208 1595 1270 1661 erit

140 1681 144 1688 “
256 1703 362 1770 ugna:
386 1705 451 1748 non
466 1684 581 1772 magis,
597 1705 694 1771 quarn
709 1683 729 1745 si
752 1679 840 1746 aliud
854 1681 973 1762 adhuc,
988 1703 1054 1769 quo
1069 1681 1154 1746 idem
1170 1681 1267 1746 intel*

232 1703 364 1866 ligatur,
380 1765 450 1854 ejus
471 1768 516 1833 rei
539 1771 656 1834 nomen
678 1767 848 1846 invenerit,
865 1787 1061 1854 quamquam
1082 1779 1152 1832 tota
1172 1767 1265 1832 volua

231 1873 321 1916 mma
347 1853 381 1918 in
404 1855 487 1919 hanc
515 1853 760 1940 disputationem
785 1851 971 1939 impendisse
995 1853 1116 1916 multos
1144 1851 1239 1918 sciam
1255 1877 1268 1916 r·

232 1937 327 2001 nobis
336 1937 451 2025 statum
466 1939 531 2004 dici
544 1939 659 2026 placet.
704 1940 768 2003 Sed
784 1958 858 2002 cum
878 1937 911 2002 in
932 1937 1003 2001 aliis
1018 1937 1168 2002 omnibus
1183 1938 1267 2002 inter
1278 1943 1319 2004 22

230 2022 397 2109 scriptores
411 2025 535 2090 summa
555 2023 696 2089 diffenfio
716 2025 770 2103 est,
785 2035 854 2088 tum
871 2021 905 2086 in
927 2022 991 2086 hoc
1012 2023 1106 2110 praeci
1133 2033 1193 2087 ue·
1214 2023 1264 2087 'vi-

229 2107 325 2172 detur
338 2109 418 2174 mihi
435 2110 570 2175 studium
583 2131 716 2197 ¹qnoque
732 2109 850 2174 diversa
864 2107 1028 2172 tradendib
1041 2107 1088 2172 fui
1113 2128 1132 2172 e
1146 2132 1154 2170 ι
1182 2107 1264 2174 adeo

230 2214 291 2258 nec
307 2191 363 2280 qul
378 2195 414 2257 fit
428 2217 592 2276 numerus,
608 2217 667 2260 nec
682 2217 755 2282 quae
769 2185 912 2273 nomina,
929 2209 989 2258 nec
1005 2194 1062 2278 qui
1084 2192 1263 2282 generales,

228 2278 325 2366 quive
340 2279 487 2365 speciales
501 2281 561 2344 fint
574 2282 680 2360 status,
697 2280 858 2344 convenit.
902 2277 954 2342 Ac
975 2281 1121 2366 primunr
1138 2278 1261 2344 Aristo·
1275 2287 1313 2364 23

148 2441 149 2444 Ἴ
228 2364 310 2428 teles
326 2364 483 2430 elementa
496 2365 609 2430 docem
626 2365 801 2444 constituit,
818 2364 903 2430 circa
920 2385 994 2450 quae
1018 2363 1128 2429 versari
1152 2363 1261 2430 videa-

227 2460 280 2514 tur
294 2451 399 2515 omnis
421 2452 563 2537 quaestio.
607 2451 725 2532 Οῠσίαν,
742 2469 838 2538 quam
862 2449 1007 2514 Flavius‘
1032 2451 1179 2537 effutiam
1202 2473 1260 2516 vo-

226 2548 304 2600 cat:
327 2557 431 2623 neque
454 2533 526 2602 sane
551 2533 639 2602 aliud
661 2535 704 2599 est
725 2537 795 2624 ejus
810 2557 928 2600 nomen
949 2536 1124 2600 Latinumz
1148 2535 1200 2601 sed
1223 2559 1260 2602 ea

226 2621 394 2707 quaeritur,
416 2623 474 2686 An
484 2623 559 2707 stt?
593 2621 789 2709 Qualiletem,
813 2621 904 2709 cujus
928 2633 1055 2708 apertus
1076 2619 1259 2686 intellectus

224 2707 280 2774 est.
326 2707 545 2794 Quantitatem,
573 2731 646 2796 quae
672 2707 841 2795 dupliciter
865 2729 884 2771 a
911 2705 1134 2794 posterioribus
1161 2706 1259 2772 divise

257 2927 306 2971 tet
318 2924 456 2986 depulsione
464 2943 505 2974 rer.
517 2925 550 2974 G.
615 2929 675 2972 uut
686 2923 726 2988 irps
738 2925 768 2972 G.
779 2925 843 2974 Jens.
908 2933 921 2960 ¹
939 2922 1059 2974 crederem
1069 2923 1109 2974 ild.
1175 2933 1188 2960 2
1204 2937 1256 2987 per·

224 2988 377 3038 fedissimum
389 2991 419 3037 G.
494 2989 672 3054 ⁸praecipuum
684 2991 715 3038 G.
725 2990 788 3038 lens.
861 2985 1007 3038 btrattandi
1020 2991 1050 3040 G.
1115 2989 1256 3038 ‘Plancius

136 3053 144 3102 3
226 3053 256 3100 G.
268 3052 335 3101 Plato
345 3054 408 3102 lens.
425 3055 475 3103 vid.
488 3071 511 3114 2,
526 3070 564 3118 14,
577 3071 600 3104 2.

222 3233 292 3288 illius
303 3235 356 3288 vita
367 3237 405 3288 A.
417 3253 462 3300 40.
475 3236 493 3288 s.
506 3254 516 3287 ι
523 3252 548 3302 5.
561 3233 606 3288 An
615 3233 663 3288 alia
675 3253 713 3286 re·
761 3233 877 3294 arbitror,
895 3243 923 3286 ut
941 3233 1073 3296 crederem,
1093 3231 1160 3304 quod
1181 3234 1254 3307 supro

178 3361 180 3369 ,
222 3307 348 3357 centiore?
366 3306 411 3358 Pe.
424 3309 503 3358 Faber
520 3305 538 3358 l.
552 3323 576 3356 c.
594 3305 714 3373 intelligit
761 3304 886 3375 proposui.

223 3375 273 3426 SC.
283 3377 349 3427 circa
359 3375 427 3428 illam
437 3375 548 3446 Augusti
558 3375 713 3446 temporibus
797 3391 841 3438 23·
866 3373 1011 3444 Aristoteles]
1038 3375 1157 3444 Categor.
1179 3391 1204 3427 c.
1222 3394 1251 3440 4.
1341 3389 1344 3397 ·

221 3443 325 3497 fesium.
760 3443 816 3514 sqq.
835 3459 893 3512 quae
909 3444 1010 3513 quidem
1026 3443 1113 3496 divisio
1131 3447 1252 3498 nontam

260 3534 301 3584 19.
319 3514 418 3583 depulsto
429 3514 478 3566 erit
488 3513 646 3584 accusatoris]
666 3513 713 3564 llle
762 3513 939 3566 adoratorium
957 3513 1038 3576 usum,
1050 3531 1127 3583 quam
1143 3514 1175 3565 ad
1193 3515 1251 3566 sub-

221 3584 406 3654 enimlirager,
419 3583 540 3653 lnjuriam
556 3581 711 3653 mibifecisti,
761 3582 867 3634 tiliorem
896 3585 1071 3654 propriumque
1099 3582 1251 3654 philosophis
1292 3599 1294 3606 “

220 3671 274 3706 curn
284 3653 395 3726 excitassi
405 3671 442 3704 me
453 3653 645 3724 despet‘laculis:
670 3671 709 3705 re-
757 3653 948 3723 disputationem
959 3665 1101 3725 comparata
1112 3653 1153 3705 est.

218 3725 347 3792 spondebit
364 3723 433 3784 alter,
446 3722 500 3776 Non
509 3722 565 3790 sici
579 3721 707 3791 injuriam,
794 3741 837 3788 ²3·
862 3739 937 3793 neque
963 3740 1012 3774 ane
1028 3722 1111 3790 aliud]
1137 3719 1249 3792 Existen·

218 3793 410 3846 tuenimartem
426 3793 546 3845 ludicram
562 3791 705 3862 exercuisti:
755 3791 819 3846 tiam
853 3792 933 3844 schola
954 3793 987 3844 ici
1021 3792 1120 3854 dicunt,
1150 3793 1248 3860 quoties

219 3863 296 3924 atior,
309 3862 363 3915 Non
373 3861 481 3922 exercui,
492 3861 639 3931 nequeenim
647 3873 706 3929 pro·
756 3863 887 3931 queritur,
900 3861 939 3915 An
943 3861 977 3930 fit
988 3861 1005 3913 ἓ
1023 3859 1163 3931 Substantia
1173 3879 1248 3913 voca-

217 3935 304 3986 ducius
314 3933 381 4002 firm.
401 3933 444 3984 Est
455 3931 533 4001 igitur
544 3929 651 4000 depulsio
664 3932 706 3985 illa
756 3943 797 3984 tur
813 3931 900 3984 deinde
917 3931 936 3982 s.
959 3936 988 3995 38
1008 3944 1032 3983 et
1052 3949 1093 3996 39.
1118 3929 1248 3983 Naturam

217 4017 293 4070 atque
305 4002 454 4054 infitiatioin
465 4000 704 4070 hacspecieastoris.
755 4001 841 4072 potius
858 4000 884 4052 id
902 4001 946 4054 esse
963 4000 1090 4062 Ciceroni,
1106 4000 1174 4068 quod
1184 4000 1246 4072 sub-

224 4066 227 4072 ’
254 4091 295 4122 21.
321 4088 393 4140 quum
412 4071 490 4140 effert]
519 4071 607 4122 Nescio
628 4087 705 4140 quam
745 4069 924 4140 stantiamaut
941 4067 1061 4138 effentiam
1079 4069 1140 4120 adeo
1155 4081 1246 4123 vocant

216 4139 393 4203 benedicatur,
406 4139 494 4210 Nostra
508 4138 644 4208 opinio'haec
658 4139 704 4204 fu-
754 4137 898 4200 scholastici,
918 4139 1061 4193 induslione
1077 4138 1245 4211 exemplorum
1350 4193 1351 4198 ,

215 4209 244 4271 st,
256 4211 371 4263 traderer
389 4219 414 4264 et
431 4210 497 4263 haud
515 4209 598 4281 paullo
614 4209 704 4262 melius
754 4209 826 4264 facile
838 4209 953 4263 efficitur.
