<?xml version="1.0" encoding="UTF-8"?>
<!DOCTYPE html PUBLIC "-//W3C//DTD XHTML 1.0 Transitional//EN"
    "http://www.w3.org/TR/xhtml1/DTD/xhtml1-transitional.dtd">
<html xmlns="http://www.w3.org/1999/xhtml" xml:lang="en" lang="en">
 <head>
  <title>
</title>
<meta http-equiv="Content-Type" content="text/html;charset=utf-8" />
  <meta name='ocr-system' content='tesseract 3.04.00' />
  <meta name='ocr-capabilities' content='ocr_page ocr_carea ocr_par ocr_line ocrx_word'/>
</head>
<body>
  <div class='ocr_page' id='page_1' title='image "./mfabiiquinctili00quingoog_0173.png"; bbox 0 0 3022 4920; ppageno 0'>
   <div class='ocr_carea' id='block_1_1' title="bbox 428 373 1256 502">
    <p class='ocr_par' dir='ltr' id='par_1_1' title="bbox 428 373 1256 502">
     <span class='ocr_line' id='line_1_1' title="bbox 428 373 1256 502; baseline 0 -37"><span class='ocrx_word' id='word_1_1' title='bbox 428 384 598 465; x_wconf 74' lang='lat' dir='ltr'>rusrir&#39;.</span> <span class='ocrx_word' id='word_1_2' title='bbox 620 373 823 466; x_wconf 70' lang='lat' dir='ltr'>aaaron.</span> <span class='ocrx_word' id='word_1_3' title='bbox 844 395 926 466; x_wconf 82' lang='lat' dir='ltr'>tis.</span> <span class='ocrx_word' id='word_1_4' title='bbox 946 401 987 502; x_wconf 83' lang='lat' dir='ltr'>p.</span> <span class='ocrx_word' id='word_1_5' title='bbox 1007 391 1052 481; x_wconf 77' lang='lat'>1‘4.</span> <span class='ocrx_word' id='word_1_6' title='bbox 1154 411 1156 419; x_wconf 50' lang='lat'><strong>⁴</strong></span> <span class='ocrx_word' id='word_1_7' title='bbox 1198 405 1256 482; x_wconf 65' lang='lat' dir='ltr'>ue</span> 
     </span>
    </p>
   </div>
   <div class='ocr_carea' id='block_1_2' title="bbox 188 549 1349 2868">
    <p class='ocr_par' dir='ltr' id='par_1_2' title="bbox 190 549 1349 912">
     <span class='ocr_line' id='line_1_2' title="bbox 190 549 1254 656; baseline 0 -22"><span class='ocrx_word' id='word_1_8' title='bbox 190 610 192 616; x_wconf 94' lang='lat'>·</span> <span class='ocrx_word' id='word_1_9' title='bbox 225 549 303 634; x_wconf 67' lang='lat' dir='ltr'>titia</span> <span class='ocrx_word' id='word_1_10' title='bbox 327 579 391 633; x_wconf 89' lang='lat' dir='ltr'>non</span> <span class='ocrx_word' id='word_1_11' title='bbox 408 551 514 633; x_wconf 85' lang='lat' dir='ltr'>minus</span> <span class='ocrx_word' id='word_1_12' title='bbox 529 551 676 647; x_wconf 78' lang='lat' dir='ltr'>duraell,</span> <span class='ocrx_word' id='word_1_13' title='bbox 693 553 787 656; x_wconf 78' lang='lat' dir='ltr'>quani</span> <span class='ocrx_word' id='word_1_14' title='bbox 805 569 859 632; x_wconf 91' lang='lat' dir='ltr'>illa</span> <span class='ocrx_word' id='word_1_15' title='bbox 874 569 998 633; x_wconf 79' lang='lat' dir='ltr'>Flaviih</span> <span class='ocrx_word' id='word_1_16' title='bbox 1021 569 1139 654; x_wconf 68' lang='lat' dir='ltr'>affatio</span> <span class='ocrx_word' id='word_1_17' title='bbox 1159 582 1254 655; x_wconf 78' lang='lat' dir='ltr'>atquc</span> 
     </span>
     <span class='ocr_line' id='line_1_3' title="bbox 223 655 1254 742; baseline 0.001 -25"><span class='ocrx_word' id='word_1_18' title='bbox 223 657 328 718; x_wconf 76' lang='lat' dir='ltr'>tatia:</span> <span class='ocrx_word' id='word_1_19' title='bbox 351 656 404 718; x_wconf 90' lang='lat' dir='ltr'>sed</span> <span class='ocrx_word' id='word_1_20' title='bbox 420 679 459 720; x_wconf 90' lang='lat' dir='ltr'>ne</span> <span class='ocrx_word' id='word_1_21' title='bbox 475 655 599 742; x_wconf 85' lang='lat' dir='ltr'>propiia</span> <span class='ocrx_word' id='word_1_22' title='bbox 614 655 743 742; x_wconf 89' lang='lat' dir='ltr'>quidem</span> <span class='ocrx_word' id='word_1_23' title='bbox 761 681 768 717; x_wconf 90' lang='lat'>:</span> <span class='ocrx_word' id='word_1_24' title='bbox 791 655 1008 718; x_wconf 73' lang='lat' dir='ltr'>nam&#39;oratoria</span> <span class='ocrx_word' id='word_1_25' title='bbox 1032 659 1071 718; x_wconf 88' lang='lat' dir='ltr'>ii&#39;c</span> <span class='ocrx_word' id='word_1_26' title='bbox 1094 655 1254 736; x_wconf 82' lang='lat' dir='ltr'>efferetur,</span> 
     </span>
     <span class='ocr_line' id='line_1_4' title="bbox 223 741 1255 828; baseline 0 -24"><span class='ocrx_word' id='word_1_27' title='bbox 223 755 260 804; x_wconf 88' lang='lat' dir='ltr'>ut</span> <span class='ocrx_word' id='word_1_28' title='bbox 275 741 448 818; x_wconf 83' lang='lat' dir='ltr'>elocutoria3</span> <span class='ocrx_word' id='word_1_29' title='bbox 473 741 587 804; x_wconf 78' lang='lat' dir='ltr'><em>oratrix</em></span> <span class='ocrx_word' id='word_1_30' title='bbox 603 753 639 804; x_wconf 88' lang='lat' dir='ltr'>ut</span> <span class='ocrx_word' id='word_1_31' title='bbox 660 741 809 804; x_wconf 78' lang='lat' dir='ltr'>elocatrix.</span> <span class='ocrx_word' id='word_1_32' title='bbox 855 741 915 804; x_wconf 87' lang='lat' dir='ltr'>llla</span> <span class='ocrx_word' id='word_1_33' title='bbox 935 747 1055 821; x_wconf 80' lang='lat' dir='ltr'>autem,</span> <span class='ocrx_word' id='word_1_34' title='bbox 1071 741 1111 804; x_wconf 86' lang='lat' dir='ltr'>de</span> <span class='ocrx_word' id='word_1_35' title='bbox 1126 763 1190 828; x_wconf 86' lang='lat' dir='ltr'>qua</span> <span class='ocrx_word' id='word_1_36' title='bbox 1204 741 1255 804; x_wconf 86' lang='lat' dir='ltr'>lo·</span> 
     </span>
     <span class='ocr_line' id='line_1_5' title="bbox 223 825 1349 912; baseline 0.002 -24"><span class='ocrx_word' id='word_1_37' title='bbox 223 827 364 912; x_wconf 90' lang='lat' dir='ltr'>quimur,</span> <span class='ocrx_word' id='word_1_38' title='bbox 388 827 539 905; x_wconf 80' lang='lat' dir='ltr'><em>rhetorice,</em></span> <span class='ocrx_word' id='word_1_39' title='bbox 557 827 627 889; x_wconf 85' lang='lat' dir='ltr'>talis</span> <span class='ocrx_word' id='word_1_40' title='bbox 650 829 704 902; x_wconf 87' lang='lat' dir='ltr'>cll,</span> <span class='ocrx_word' id='word_1_41' title='bbox 730 825 832 912; x_wconf 87' lang='lat' dir='ltr'>qualis</span> <span class='ocrx_word' id='word_1_42' title='bbox 856 826 1057 912; x_wconf 83' lang='lat' dir='ltr'>eloquentia:-</span> <span class='ocrx_word' id='word_1_43' title='bbox 1074 849 1132 889; x_wconf 89' lang='lat' dir='ltr'>nec</span> <span class='ocrx_word' id='word_1_44' title='bbox 1157 825 1256 890; x_wconf 81' lang='lat' dir='ltr'>dubie</span> <span class='ocrx_word' id='word_1_45' title='bbox 1322 835 1349 882; x_wconf 16' lang='grc' dir='ltr'>ἠ</span> 
     </span>
    </p>

    <p class='ocr_par' dir='ltr' id='par_1_3' title="bbox 188 911 1254 1170">
     <span class='ocr_line' id='line_1_6' title="bbox 188 911 1254 999; baseline 0.002 -27"><span class='ocrx_word' id='word_1_46' title='bbox 188 921 208 987; x_wconf 82' lang='lat'><em>3</em></span> <span class='ocrx_word' id='word_1_47' title='bbox 222 913 309 996; x_wconf 87' lang='lat' dir='ltr'>apud</span> <span class='ocrx_word' id='word_1_48' title='bbox 326 914 457 976; x_wconf 83' lang='lat' dir='ltr'>Graecos</span> <span class='ocrx_word' id='word_1_49' title='bbox 472 933 600 999; x_wconf 87' lang='lat' dir='ltr'>quoque</span> <span class='ocrx_word' id='word_1_50' title='bbox 615 911 775 998; x_wconf 86' lang='lat' dir='ltr'>duplicem</span> <span class='ocrx_word' id='word_1_51' title='bbox 792 911 988 974; x_wconf 69' lang='lat' dir='ltr'>intelletlum</span> <span class='ocrx_word' id='word_1_52' title='bbox 1006 913 1113 976; x_wconf 88' lang='lat' dir='ltr'>habet.</span> <span class='ocrx_word' id='word_1_53' title='bbox 1150 911 1254 974; x_wconf 88' lang='lat' dir='ltr'>Nam·</span> 
     </span>
     <span class='ocr_line' id='line_1_7' title="bbox 211 997 1254 1093; baseline -0.002 -32"><span class='ocrx_word' id='word_1_54' title='bbox 211 997 480 1082; x_wconf 69' lang='lat' dir='ltr'>,quesne-modo</span> <span class='ocrx_word' id='word_1_55' title='bbox 503 998 538 1060; x_wconf 86' lang='lat' dir='ltr'>fit</span> <span class='ocrx_word' id='word_1_56' title='bbox 558 999 743 1083; x_wconf 74' lang='lat' dir='ltr'>appositum,</span> <span class='ocrx_word' id='word_1_57' title='bbox 761 1021 811 1060; x_wconf 82' lang='lat' dir='ltr'>ars</span> <span class='ocrx_word' id='word_1_58' title='bbox 832 997 1037 1073; x_wconf 67' lang='lat' dir='ltr'>rhetoricam</span> <span class='ocrx_word' id='word_1_59' title='bbox 1058 997 1147 1061; x_wconf 82' lang='lat' dir='ltr'>navis</span> <span class='ocrx_word' id='word_1_60' title='bbox 1164 999 1254 1093; x_wconf 81' lang='lat' dir='ltr'>pira·</span> 
     </span>
     <span class='ocr_line' id='line_1_8' title="bbox 224 1083 1254 1170; baseline 0.005 -28"><span class='ocrx_word' id='word_1_61' title='bbox 224 1083 306 1164; x_wconf 84' lang='lat' dir='ltr'>tica.-</span> <span class='ocrx_word' id='word_1_62' title='bbox 339 1083 440 1146; x_wconf 89' lang='lat' dir='ltr'>altero</span> <span class='ocrx_word' id='word_1_63' title='bbox 462 1105 577 1146; x_wconf 88' lang='lat' dir='ltr'>nomen</span> <span class='ocrx_word' id='word_1_64' title='bbox 606 1084 793 1170; x_wconf 88' lang='lat' dir='ltr'>rei,·qualis</span> <span class='ocrx_word' id='word_1_65' title='bbox 820 1083 863 1145; x_wconf 85' lang='lat' dir='ltr'>est</span> <span class='ocrx_word' id='word_1_66' title='bbox 888 1083 1254 1170; x_wconf 68' lang='lat' dir='ltr'>philatptiaamratte.</span> 
     </span>
    </p>

    <p class='ocr_par' dir='ltr' id='par_1_4' title="bbox 193 1161 1255 1423">
     <span class='ocr_line' id='line_1_9' title="bbox 193 1161 1255 1254; baseline 0 -24"><span class='ocrx_word' id='word_1_67' title='bbox 193 1161 203 1202; x_wconf 73' lang='lat'><em>¹</em></span> <span class='ocrx_word' id='word_1_68' title='bbox 222 1167 294 1231; x_wconf 88' lang='lat' dir='ltr'>Nos</span> <span class='ocrx_word' id='word_1_69' title='bbox 309 1167 404 1253; x_wconf 87' lang='lat' dir='ltr'>ipsam</span> <span class='ocrx_word' id='word_1_70' title='bbox 421 1191 506 1231; x_wconf 90' lang='lat' dir='ltr'>nunc</span> <span class='ocrx_word' id='word_1_71' title='bbox 520 1169 667 1232; x_wconf 86' lang='lat' dir='ltr'>volumus</span> <span class='ocrx_word' id='word_1_72' title='bbox 682 1169 854 1254; x_wconf 80' lang='lat' dir='ltr'>fignificare</span> <span class='ocrx_word' id='word_1_73' title='bbox 868 1168 1080 1246; x_wconf 87' lang='lat' dir='ltr'>substantiam,</span> <span class='ocrx_word' id='word_1_74' title='bbox 1096 1181 1133 1231; x_wconf 91' lang='lat' dir='ltr'>ut</span> <span class='ocrx_word' id='word_1_75' title='bbox 1147 1189 1255 1253; x_wconf 85' lang='lat' dir='ltr'>gram-</span> 
     </span>
     <span class='ocr_line' id='line_1_10' title="bbox 223 1253 1254 1340; baseline 0.002 -26"><span class='ocrx_word' id='word_1_76' title='bbox 223 1254 342 1316; x_wconf 88' lang='lat' dir='ltr'>matice</span> <span class='ocrx_word' id='word_1_77' title='bbox 364 1253 522 1316; x_wconf 81' lang='lat' dir='ltr'><em>literatura</em></span> <span class='ocrx_word' id='word_1_78' title='bbox 545 1257 598 1333; x_wconf 86' lang='lat' dir='ltr'>est,</span> <span class='ocrx_word' id='word_1_79' title='bbox 626 1277 688 1317; x_wconf 91' lang='lat' dir='ltr'>non</span> <span class='ocrx_word' id='word_1_80' title='bbox 714 1255 875 1332; x_wconf 83' lang='lat' dir='ltr'>literatrix,</span> <span class='ocrx_word' id='word_1_81' title='bbox 892 1253 1161 1340; x_wconf 80' lang='lat' dir='ltr'>quemadmodum</span> <span class='ocrx_word' id='word_1_82' title='bbox 1184 1277 1254 1316; x_wconf 90' lang='lat' dir='ltr'>ora-</span> 
     </span>
     <span class='ocr_line' id='line_1_11' title="bbox 225 1338 1255 1423; baseline 0.002 -23"><span class='ocrx_word' id='word_1_83' title='bbox 225 1338 286 1400; x_wconf 77' lang='lat' dir='ltr'>trix</span> <span class='ocrx_word' id='word_1_84' title='bbox 298 1364 312 1408; x_wconf 63' lang='grc'>.·,</span> <span class='ocrx_word' id='word_1_85' title='bbox 331 1361 390 1403; x_wconf 90' lang='lat' dir='ltr'>nec</span> <span class='ocrx_word' id='word_1_86' title='bbox 410 1340 588 1418; x_wconf 85' lang='lat' dir='ltr'>l&#39;teratoria,</span> <span class='ocrx_word' id='word_1_87' title='bbox 604 1340 874 1423; x_wconf 84' lang='lat' dir='ltr'>quemadmodum</span> <span class='ocrx_word' id='word_1_88' title='bbox 899 1339 1039 1402; x_wconf 86' lang='lat' dir='ltr'>oratoria.</span> <span class='ocrx_word' id='word_1_89' title='bbox 1084 1341 1206 1402; x_wconf 89' lang='lat' dir='ltr'>Verum</span> <span class='ocrx_word' id='word_1_90' title='bbox 1222 1338 1255 1402; x_wconf 94' lang='lat' dir='ltr'>in</span> 
     </span>
    </p>

    <p class='ocr_par' dir='ltr' id='par_1_5' title="bbox 191 1422 1256 1596">
     <span class='ocr_line' id='line_1_12' title="bbox 191 1422 1254 1512; baseline 0.001 -27"><span class='ocrx_word' id='word_1_91' title='bbox 191 1422 382 1503; x_wconf 83' lang='lat' dir='ltr'>4rhetorice</span> <span class='ocrx_word' id='word_1_92' title='bbox 405 1447 469 1488; x_wconf 90' lang='lat' dir='ltr'>non</span> <span class='ocrx_word' id='word_1_93' title='bbox 494 1426 545 1488; x_wconf 73' lang='lat' dir='ltr'>fic.</span> <span class='ocrx_word' id='word_1_94' title='bbox 567 1426 644 1488; x_wconf 83' lang='lat' dir='ltr'>‹Ne</span> <span class='ocrx_word' id='word_1_95' title='bbox 665 1445 848 1512; x_wconf 84' lang='lat' dir='ltr'>pugnemus</span> <span class='ocrx_word' id='word_1_96' title='bbox 867 1423 978 1511; x_wconf 83' lang='lat' dir='ltr'>igitur,</span> <span class='ocrx_word' id='word_1_97' title='bbox 994 1446 1068 1488; x_wconf 86' lang='lat' dir='ltr'>cuin</span> <span class='ocrx_word' id='word_1_98' title='bbox 1083 1424 1254 1510; x_wconf 85' lang='lat' dir='ltr'>praesertim</span> 
     </span>
     <span class='ocr_line' id='line_1_13' title="bbox 225 1508 1256 1596; baseline 0.001 -25"><span class='ocrx_word' id='word_1_99' title='bbox 225 1508 370 1593; x_wconf 83' lang='lat' dir='ltr'>plurimis</span> <span class='ocrx_word' id='word_1_100' title='bbox 386 1509 506 1596; x_wconf 83' lang='lat' dir='ltr'>alioqui</span> <span class='ocrx_word' id='word_1_101' title='bbox 523 1509 645 1574; x_wconf 84' lang='lat' dir='ltr'>Graecis</span> <span class='ocrx_word' id='word_1_102' title='bbox 660 1511 696 1573; x_wconf 86' lang='lat' dir='ltr'>sit</span> <span class='ocrx_word' id='word_1_103' title='bbox 711 1509 879 1574; x_wconf 86' lang='lat' dir='ltr'>utendum.</span> <span class='ocrx_word' id='word_1_104' title='bbox 923 1509 1009 1572; x_wconf 90' lang='lat' dir='ltr'>Nam</span> <span class='ocrx_word' id='word_1_105' title='bbox 1033 1523 1119 1572; x_wconf 87' lang='lat' dir='ltr'>certe</span> <span class='ocrx_word' id='word_1_106' title='bbox 1142 1509 1199 1572; x_wconf 84' lang='lat' dir='ltr'>fic¹</span> <span class='ocrx_word' id='word_1_107' title='bbox 1223 1521 1256 1572; x_wconf 90' lang='lat' dir='ltr'>et</span> 
     </span>
    </p>

    <p class='ocr_par' dir='ltr' id='par_1_6' title="bbox 196 1587 1258 2022">
     <span class='ocr_line' id='line_1_14' title="bbox 196 1587 1255 1682; baseline 0 -26"><span class='ocrx_word' id='word_1_108' title='bbox 196 1587 204 1642; x_wconf 73' lang='grc' dir='ltr'>ἶ</span> <span class='ocrx_word' id='word_1_109' title='bbox 221 1595 349 1680; x_wconf 63' lang='grc' dir='ltr'><em>ρρψιοε</em></span> <span class='ocrx_word' id='word_1_110' title='bbox 361 1595 387 1674; x_wconf 64' lang='lat'>¹³,</span> <span class='ocrx_word' id='word_1_111' title='bbox 404 1609 438 1658; x_wconf 89' lang='lat' dir='ltr'>et</span> <span class='ocrx_word' id='word_1_112' title='bbox 453 1597 570 1680; x_wconf 85' lang='lat' dir='ltr'>maficos</span> <span class='ocrx_word' id='word_1_113' title='bbox 582 1597 603 1673; x_wconf 67' lang='lat' dir='ltr'>l,</span> <span class='ocrx_word' id='word_1_114' title='bbox 620 1609 653 1658; x_wconf 86' lang='lat' dir='ltr'>et</span> <span class='ocrx_word' id='word_1_115' title='bbox 664 1609 828 1682; x_wconf 80' lang='lat' dir='ltr'>geometras</span> <span class='ocrx_word' id='word_1_116' title='bbox 850 1594 966 1672; x_wconf 89' lang='lat' dir='ltr'>dicam,</span> <span class='ocrx_word' id='word_1_117' title='bbox 983 1606 1071 1658; x_wconf 57' lang='lat' dir='ltr'>necfl‘</span> <span class='ocrx_word' id='word_1_118' title='bbox 1091 1594 1155 1658; x_wconf 89' lang='lat' dir='ltr'>vim</span> <span class='ocrx_word' id='word_1_119' title='bbox 1177 1594 1255 1658; x_wconf 86' lang='lat' dir='ltr'>affe-</span> 
     </span>
     <span class='ocr_line' id='line_1_15' title="bbox 226 1679 1255 1744; baseline 0.002 -4"><span class='ocrx_word' id='word_1_120' title='bbox 226 1700 292 1742; x_wconf 85' lang='lat' dir='ltr'>ram</span> <span class='ocrx_word' id='word_1_121' title='bbox 308 1679 359 1744; x_wconf 90' lang='lat' dir='ltr'>his</span> <span class='ocrx_word' id='word_1_122' title='bbox 373 1682 558 1744; x_wconf 88' lang='lat' dir='ltr'>nominibus</span> <span class='ocrx_word' id='word_1_123' title='bbox 573 1681 721 1744; x_wconf 87' lang='lat' dir='ltr'>indecora</span> <span class='ocrx_word' id='word_1_124' title='bbox 736 1681 766 1742; x_wconf 88' lang='lat' dir='ltr'>in</span> <span class='ocrx_word' id='word_1_125' title='bbox 784 1681 935 1744; x_wconf 85' lang='lat' dir='ltr'>Latinum</span> <span class='ocrx_word' id='word_1_126' title='bbox 950 1680 1125 1743; x_wconf 88' lang='lat' dir='ltr'>sermonem</span> <span class='ocrx_word' id='word_1_127' title='bbox 1148 1693 1255 1743; x_wconf 88' lang='lat' dir='ltr'>muta-</span> 
     </span>
     <span class='ocr_line' id='line_1_16' title="bbox 225 1761 1255 1852; baseline 0.002 -26"><span class='ocrx_word' id='word_1_128' title='bbox 225 1761 324 1828; x_wconf 86' lang='lat' dir='ltr'>tione.</span> <span class='ocrx_word' id='word_1_129' title='bbox 369 1767 519 1852; x_wconf 87' lang='lat' dir='ltr'>Dcnique</span> <span class='ocrx_word' id='word_1_130' title='bbox 544 1788 618 1829; x_wconf 90' lang='lat' dir='ltr'>cnm</span> <span class='ocrx_word' id='word_1_131' title='bbox 644 1769 694 1829; x_wconf 91' lang='lat' dir='ltr'>M.</span> <span class='ocrx_word' id='word_1_132' title='bbox 720 1765 848 1830; x_wconf 88' lang='lat' dir='ltr'>Tullius</span> <span class='ocrx_word' id='word_1_133' title='bbox 871 1765 968 1829; x_wconf 85' lang='lat' dir='ltr'>etiarn</span> <span class='ocrx_word' id='word_1_134' title='bbox 990 1766 1060 1850; x_wconf 80' lang='lat' dir='ltr'>ipsis</span> <span class='ocrx_word' id='word_1_135' title='bbox 1087 1765 1255 1845; x_wconf 89' lang='lat' dir='ltr'>librorum,</span> 
     </span>
     <span class='ocr_line' id='line_1_17' title="bbox 225 1850 1257 1937; baseline 0.002 -25"><span class='ocrx_word' id='word_1_136' title='bbox 225 1871 306 1935; x_wconf 89' lang='lat' dir='ltr'>quos</span> <span class='ocrx_word' id='word_1_137' title='bbox 322 1851 382 1916; x_wconf 90' lang='lat' dir='ltr'>hac</span> <span class='ocrx_word' id='word_1_138' title='bbox 396 1852 436 1916; x_wconf 92' lang='lat' dir='ltr'>de</span> <span class='ocrx_word' id='word_1_139' title='bbox 455 1871 489 1914; x_wconf 89' lang='lat' dir='ltr'>re</span> <span class='ocrx_word' id='word_1_140' title='bbox 511 1852 649 1936; x_wconf 90' lang='lat' dir='ltr'>primum</span> <span class='ocrx_word' id='word_1_141' title='bbox 674 1851 843 1937; x_wconf 85' lang='lat' dir='ltr'>scripserat,</span> <span class='ocrx_word' id='word_1_142' title='bbox 859 1850 962 1914; x_wconf 88' lang='lat' dir='ltr'>titulis</span> <span class='ocrx_word' id='word_1_143' title='bbox 988 1853 1101 1915; x_wconf 89' lang='lat' dir='ltr'>Graeco</span> <span class='ocrx_word' id='word_1_144' title='bbox 1126 1850 1257 1914; x_wconf 84' lang='lat' dir='ltr'>nomine</span> 
     </span>
     <span class='ocr_line' id='line_1_18' title="bbox 224 1936 1258 2022; baseline 0 -24"><span class='ocrx_word' id='word_1_145' title='bbox 224 1948 342 2014; x_wconf 87' lang='lat' dir='ltr'>utatur,</span> <span class='ocrx_word' id='word_1_146' title='bbox 364 1937 505 2022; x_wconf 66' lang='lat' dir='ltr'>profesio</span> <span class='ocrx_word' id='word_1_147' title='bbox 530 1960 591 1999; x_wconf 89' lang='lat' dir='ltr'>non</span> <span class='ocrx_word' id='word_1_148' title='bbox 618 1939 660 2000; x_wconf 86' lang='lat' dir='ltr'>est</span> <span class='ocrx_word' id='word_1_149' title='bbox 683 1936 867 2014; x_wconf 85' lang='lat' dir='ltr'>verendum,</span> <span class='ocrx_word' id='word_1_150' title='bbox 884 1957 925 1999; x_wconf 89' lang='lat' dir='ltr'>ne</span> <span class='ocrx_word' id='word_1_151' title='bbox 947 1947 1068 2000; x_wconf 86' lang='lat' dir='ltr'>temere</span> <span class='ocrx_word' id='word_1_152' title='bbox 1092 1937 1258 2000; x_wconf 89' lang='lat' dir='ltr'>videamur</span> 
     </span>
    </p>

    <p class='ocr_par' dir='ltr' id='par_1_7' title="bbox 192 2020 1260 2450">
     <span class='ocr_line' id='line_1_19' title="bbox 192 2020 1258 2106; baseline 0.002 -24"><span class='ocrx_word' id='word_1_153' title='bbox 192 2022 342 2097; x_wconf 68' lang='lat' dir='ltr'>§oratori</span> <span class='ocrx_word' id='word_1_154' title='bbox 369 2021 507 2086; x_wconf 84' lang='lat' dir='ltr'>niaximo</span> <span class='ocrx_word' id='word_1_155' title='bbox 530 2023 570 2086; x_wconf 89' lang='lat' dir='ltr'>de</span> <span class='ocrx_word' id='word_1_156' title='bbox 596 2023 725 2086; x_wconf 86' lang='lat' dir='ltr'>nominc</span> <span class='ocrx_word' id='word_1_157' title='bbox 746 2023 822 2085; x_wconf 88' lang='lat' dir='ltr'>artis</span> <span class='ocrx_word' id='word_1_158' title='bbox 845 2023 908 2087; x_wconf 83' lang='lat' dir='ltr'>suae</span> <span class='ocrx_word' id='word_1_159' title='bbox 931 2020 1106 2086; x_wconf 79' lang='lat' dir='ltr'>eredidiffe.</span> <span class='ocrx_word' id='word_1_160' title='bbox 1153 2021 1258 2106; x_wconf 84' lang='lat' dir='ltr'>Igitur</span> 
     </span>
     <span class='ocr_line' id='line_1_20' title="bbox 225 2105 1257 2194; baseline 0.003 -26"><span class='ocrx_word' id='word_1_161' title='bbox 225 2105 378 2169; x_wconf 77' lang='lat' dir='ltr'>Rhetorice</span> <span class='ocrx_word' id='word_1_162' title='bbox 405 2109 485 2194; x_wconf 83' lang='lat' dir='ltr'>(jam</span> <span class='ocrx_word' id='word_1_163' title='bbox 511 2109 597 2172; x_wconf 86' lang='lat' dir='ltr'>enim</span> <span class='ocrx_word' id='word_1_164' title='bbox 623 2108 684 2171; x_wconf 84' lang='lat' dir='ltr'>sine</span> <span class='ocrx_word' id='word_1_165' title='bbox 706 2121 795 2172; x_wconf 88' lang='lat' dir='ltr'>metu</span> <span class='ocrx_word' id='word_1_166' title='bbox 817 2107 1026 2171; x_wconf 84' lang='lat' dir='ltr'>cavillationis</span> <span class='ocrx_word' id='word_1_167' title='bbox 1051 2120 1178 2171; x_wconf 88' lang='lat' dir='ltr'>utemur</span> <span class='ocrx_word' id='word_1_168' title='bbox 1196 2106 1257 2171; x_wconf 87' lang='lat' dir='ltr'>hac</span> 
     </span>
     <span class='ocr_line' id='line_1_21' title="bbox 225 2191 1257 2278; baseline -0.001 -24"><span class='ocrx_word' id='word_1_169' title='bbox 225 2192 450 2278; x_wconf 84' lang='lat' dir='ltr'>appellatione)</span> <span class='ocrx_word' id='word_1_170' title='bbox 473 2193 525 2272; x_wconf 86' lang='lat' dir='ltr'>fic,</span> <span class='ocrx_word' id='word_1_171' title='bbox 547 2207 583 2256; x_wconf 91' lang='lat' dir='ltr'>ut</span> <span class='ocrx_word' id='word_1_172' title='bbox 604 2193 727 2278; x_wconf 78' lang='lat' dir='ltr'>opinor,</span> <span class='ocrx_word' id='word_1_173' title='bbox 744 2193 865 2278; x_wconf 89' lang='lat' dir='ltr'>optime</span> <span class='ocrx_word' id='word_1_174' title='bbox 880 2191 1049 2270; x_wconf 88' lang='lat' dir='ltr'>dividetur,</span> <span class='ocrx_word' id='word_1_175' title='bbox 1064 2205 1102 2255; x_wconf 87' lang='lat' dir='ltr'>ut</span> <span class='ocrx_word' id='word_1_176' title='bbox 1123 2193 1159 2253; x_wconf 85' lang='lat' dir='ltr'>de</span> <span class='ocrx_word' id='word_1_177' title='bbox 1180 2204 1257 2270; x_wconf 89' lang='lat' dir='ltr'>arte,</span> 
     </span>
     <span class='ocr_line' id='line_1_22' title="bbox 227 2276 1260 2366; baseline 0.001 -26"><span class='ocrx_word' id='word_1_178' title='bbox 227 2276 267 2340; x_wconf 92' lang='lat' dir='ltr'>de</span> <span class='ocrx_word' id='word_1_179' title='bbox 292 2279 351 2340; x_wconf 86' lang='lat' dir='ltr'>arti</span> <span class='ocrx_word' id='word_1_180' title='bbox 376 2303 415 2356; x_wconf 85' lang='lat' dir='ltr'>ee,</span> <span class='ocrx_word' id='word_1_181' title='bbox 441 2279 481 2342; x_wconf 90' lang='lat' dir='ltr'>de</span> <span class='ocrx_word' id='word_1_182' title='bbox 506 2295 589 2366; x_wconf 84' lang='lat' dir='ltr'>opere</span> <span class='ocrx_word' id='word_1_183' title='bbox 611 2279 765 2342; x_wconf 90' lang='lat' dir='ltr'>dicamus.</span> <span class='ocrx_word' id='word_1_184' title='bbox 809 2277 968 2356; x_wconf 86' lang='lat' dir='ltr'>Arserit,</span> <span class='ocrx_word' id='word_1_185' title='bbox 996 2299 1068 2362; x_wconf 90' lang='lat' dir='ltr'>quae</span> <span class='ocrx_word' id='word_1_186' title='bbox 1093 2277 1260 2364; x_wconf 81' lang='lat' dir='ltr'>disciplina</span> 
     </span>
     <span class='ocr_line' id='line_1_23' title="bbox 226 2363 1257 2450; baseline -0.002 -24"><span class='ocrx_word' id='word_1_187' title='bbox 226 2364 347 2449; x_wconf 80' lang='lat' dir='ltr'>percipi</span> <span class='ocrx_word' id='word_1_188' title='bbox 371 2365 489 2428; x_wconf 81' lang='lat' dir='ltr'>debet:</span> <span class='ocrx_word' id='word_1_189' title='bbox 525 2387 562 2427; x_wconf 87' lang='lat' dir='ltr'>ea</span> <span class='ocrx_word' id='word_1_190' title='bbox 585 2365 628 2427; x_wconf 88' lang='lat' dir='ltr'>est</span> <span class='ocrx_word' id='word_1_191' title='bbox 652 2365 721 2428; x_wconf 76' lang='lat' dir='ltr'>leae</span> <span class='ocrx_word' id='word_1_192' title='bbox 745 2363 860 2428; x_wconf 83' lang='lat' dir='ltr'>dicendi</span> <span class='ocrx_word' id='word_1_193' title='bbox 872 2363 1012 2448; x_wconf 82' lang='lat' dir='ltr'>scientia.</span> <span class='ocrx_word' id='word_1_194' title='bbox 1057 2364 1180 2450; x_wconf 80' lang='lat' dir='ltr'>Artifex</span> <span class='ocrx_word' id='word_1_195' title='bbox 1202 2364 1257 2442; x_wconf 90' lang='lat' dir='ltr'>est,</span> 
     </span>
    </p>

    <p class='ocr_par' dir='ltr' id='par_1_8' title="bbox 219 2445 1259 2868">
     <span class='ocr_line' id='line_1_24' title="bbox 251 2445 1259 2535; baseline 0 -25"><span class='ocrx_word' id='word_1_196' title='bbox 251 2449 283 2510; x_wconf 91' lang='lat' dir='ltr'>ui</span> <span class='ocrx_word' id='word_1_197' title='bbox 299 2449 456 2535; x_wconf 86' lang='lat' dir='ltr'>percipit¹¹</span> <span class='ocrx_word' id='word_1_198' title='bbox 479 2450 562 2512; x_wconf 91' lang='lat' dir='ltr'>hanc</span> <span class='ocrx_word' id='word_1_199' title='bbox 575 2461 688 2528; x_wconf 86' lang='lat' dir='ltr'>artem,</span> <span class='ocrx_word' id='word_1_200' title='bbox 709 2449 741 2512; x_wconf 95' lang='lat' dir='ltr'>id</span> <span class='ocrx_word' id='word_1_201' title='bbox 765 2451 808 2512; x_wconf 87' lang='lat' dir='ltr'>est</span> <span class='ocrx_word' id='word_1_202' title='bbox 831 2463 947 2526; x_wconf 89' lang='lat' dir='ltr'>orator,</span> <span class='ocrx_word' id='word_1_203' title='bbox 965 2445 1056 2532; x_wconf 91' lang='lat' dir='ltr'>cujus</span> <span class='ocrx_word' id='word_1_204' title='bbox 1080 2450 1122 2511; x_wconf 86' lang='lat' dir='ltr'>est</span> <span class='ocrx_word' id='word_1_205' title='bbox 1136 2449 1259 2511; x_wconf 87' lang='lat' dir='ltr'>summa</span> 
     </span>
     <span class='ocr_line' id='line_1_25' title="bbox 219 2471 1258 2622; baseline 0 -27"><span class='ocrx_word' id='word_1_206' title='bbox 219 2471 298 2596; x_wconf 70' lang='lat' dir='ltr'>¹iere</span> <span class='ocrx_word' id='word_1_207' title='bbox 317 2534 422 2597; x_wconf 81' lang='lat' dir='ltr'>dicere.</span> <span class='ocrx_word' id='word_1_208' title='bbox 471 2536 563 2622; x_wconf 77' lang='lat' dir='ltr'>Opas,</span> <span class='ocrx_word' id='word_1_209' title='bbox 583 2535 671 2620; x_wconf 91' lang='lat' dir='ltr'>quod</span> <span class='ocrx_word' id='word_1_210' title='bbox 694 2535 828 2598; x_wconf 88' lang='lat' dir='ltr'>efficitur</span> <span class='ocrx_word' id='word_1_211' title='bbox 849 2535 889 2598; x_wconf 90' lang='lat' dir='ltr'>ab</span> <span class='ocrx_word' id='word_1_212' title='bbox 912 2533 1044 2611; x_wconf 85' lang='lat' dir='ltr'>artifice,</span> <span class='ocrx_word' id='word_1_213' title='bbox 1063 2533 1096 2596; x_wconf 91' lang='lat' dir='ltr'>id</span> <span class='ocrx_word' id='word_1_214' title='bbox 1117 2535 1161 2596; x_wconf 88' lang='lat' dir='ltr'>cst</span> <span class='ocrx_word' id='word_1_215' title='bbox 1183 2534 1258 2596; x_wconf 88' lang='lat' dir='ltr'>bona</span> 
     </span>
     <span class='ocr_line' id='line_1_26' title="bbox 227 2617 1258 2705; baseline 0.003 -26"><span class='ocrx_word' id='word_1_216' title='bbox 227 2618 331 2684; x_wconf 84' lang='lat' dir='ltr'>oratio.</span> <span class='ocrx_word' id='word_1_217' title='bbox 375 2621 459 2684; x_wconf 86' lang='lat' dir='ltr'>Haec</span> <span class='ocrx_word' id='word_1_218' title='bbox 483 2621 591 2684; x_wconf 89' lang='lat' dir='ltr'>omnia</span> <span class='ocrx_word' id='word_1_219' title='bbox 612 2621 717 2684; x_wconf 85' lang='lat' dir='ltr'>rursus</span> <span class='ocrx_word' id='word_1_220' title='bbox 741 2621 938 2684; x_wconf 90' lang='lat' dir='ltr'>diducuntur</span> <span class='ocrx_word' id='word_1_221' title='bbox 963 2619 995 2681; x_wconf 88' lang='lat' dir='ltr'>in</span> <span class='ocrx_word' id='word_1_222' title='bbox 1021 2618 1150 2705; x_wconf 86' lang='lat' dir='ltr'>specics.</span> <span class='ocrx_word' id='word_1_223' title='bbox 1194 2617 1258 2682; x_wconf 85' lang='lat' dir='ltr'>Sed</span> 
     </span>
     <span class='ocr_line' id='line_1_27' title="bbox 225 2702 1258 2854; baseline 0.001 -88"><span class='ocrx_word' id='word_1_224' title='bbox 225 2702 281 2852; x_wconf 71' lang='lat' dir='ltr'>islla</span> <span class='ocrx_word' id='word_1_225' title='bbox 291 2703 455 2854; x_wconf 60' lang='lat' dir='ltr'>sequpntia</span> <span class='ocrx_word' id='word_1_226' title='bbox 464 2706 519 2771; x_wconf 91' lang='lat' dir='ltr'>suo</span> <span class='ocrx_word' id='word_1_227' title='bbox 533 2705 622 2794; x_wconf 83' lang='lat' dir='ltr'>loco:</span> <span class='ocrx_word' id='word_1_228' title='bbox 641 2727 726 2770; x_wconf 89' lang='lat' dir='ltr'>nunc</span> <span class='ocrx_word' id='word_1_229' title='bbox 741 2729 814 2792; x_wconf 84' lang='lat' dir='ltr'>quae</span> <span class='ocrx_word' id='word_1_230' title='bbox 829 2705 872 2770; x_wconf 82' lang='lat' dir='ltr'>dc</span> <span class='ocrx_word' id='word_1_231' title='bbox 883 2705 985 2792; x_wconf 91' lang='lat' dir='ltr'>prima</span> <span class='ocrx_word' id='word_1_232' title='bbox 995 2717 1083 2790; x_wconf 86' lang='lat' dir='ltr'>parte</span> <span class='ocrx_word' id='word_1_233' title='bbox 1095 2703 1258 2768; x_wconf 74' lang='lat' dir='ltr'>tractanda</span> 
     </span>
     <span class='ocr_line' id='line_1_28' title="bbox 240 2791 442 2868; baseline 0.02 -17"><span class='ocrx_word' id='word_1_234' title='bbox 240 2802 310 2868; x_wconf 90' lang='lat' dir='ltr'>unt,</span> <span class='ocrx_word' id='word_1_235' title='bbox 326 2812 361 2854; x_wconf 91' lang='lat' dir='ltr'>or</span> <span class='ocrx_word' id='word_1_236' title='bbox 386 2791 442 2855; x_wconf 90' lang='lat' dir='ltr'>iar.</span> 
     </span>
    </p>
   </div>
   <div class='ocr_carea' id='block_1_3' title="bbox 195 2959 1259 3220">
    <p class='ocr_par' dir='ltr' id='par_1_9' title="bbox 261 2959 1258 3026">
     <span class='ocr_line' id='line_1_29' title="bbox 261 2959 1258 3026; baseline 0.001 -17"><span class='ocrx_word' id='word_1_237' title='bbox 261 2959 272 2996; x_wconf 75' lang='lat'>¹²</span> <span class='ocrx_word' id='word_1_238' title='bbox 290 2963 366 3010; x_wconf 87' lang='lat' dir='ltr'>Plauti</span> <span class='ocrx_word' id='word_1_239' title='bbox 387 2965 417 3013; x_wconf 90' lang='lat' dir='ltr'>G.</span> <span class='ocrx_word' id='word_1_240' title='bbox 435 2964 499 3012; x_wconf 85' lang='lat' dir='ltr'>lens.</span> <span class='ocrx_word' id='word_1_241' title='bbox 518 2981 566 3010; x_wconf 84' lang='lat' dir='ltr'>cum</span> <span class='ocrx_word' id='word_1_242' title='bbox 577 2963 637 3010; x_wconf 81' lang='lat' dir='ltr'>aliis.</span> <span class='ocrx_word' id='word_1_243' title='bbox 664 2963 711 3010; x_wconf 70' lang='lat' dir='ltr'>Sed</span> <span class='ocrx_word' id='word_1_244' title='bbox 719 2963 769 3011; x_wconf 77' lang='lat' dir='ltr'>oid.</span> <span class='ocrx_word' id='word_1_245' title='bbox 783 2973 806 3022; x_wconf 87' lang='lat'>7,</span> <span class='ocrx_word' id='word_1_246' title='bbox 817 2978 843 3024; x_wconf 89' lang='lat'>4,</span> <span class='ocrx_word' id='word_1_247' title='bbox 855 2977 895 3024; x_wconf 82' lang='lat'>40.</span> <span class='ocrx_word' id='word_1_248' title='bbox 910 2962 1036 3026; x_wconf 79' lang='lat' dir='ltr'>p&#39;raesrrtim</span> <span class='ocrx_word' id='word_1_249' title='bbox 1056 2965 1080 3020; x_wconf 88' lang='lat'>8,</span> <span class='ocrx_word' id='word_1_250' title='bbox 1093 2977 1115 3024; x_wconf 86' lang='lat'>3,</span> <span class='ocrx_word' id='word_1_251' title='bbox 1130 2977 1168 3023; x_wconf 82' lang='lat'>33.</span> <span class='ocrx_word' id='word_1_252' title='bbox 1188 2963 1258 3010; x_wconf 77' lang='lat' dir='ltr'>erili</span> 
     </span>
    </p>

    <p class='ocr_par' dir='ltr' id='par_1_10' title="bbox 195 3026 1259 3220">
     <span class='ocr_line' id='line_1_30' title="bbox 195 3026 1259 3093; baseline 0.002 -19"><span class='ocrx_word' id='word_1_253' title='bbox 195 3062 202 3084; x_wconf 75' lang='lat'>,</span> <span class='ocrx_word' id='word_1_254' title='bbox 227 3027 307 3074; x_wconf 75' lang='lat' dir='ltr'>Bam.</span> <span class='ocrx_word' id='word_1_255' title='bbox 314 3039 340 3090; x_wconf 87' lang='lat' dir='ltr'>p.</span> <span class='ocrx_word' id='word_1_256' title='bbox 353 3030 408 3088; x_wconf 90' lang='lat'>690.</span> <span class='ocrx_word' id='word_1_257' title='bbox 453 3030 459 3059; x_wconf 55' lang='grc' dir='ltr'>ἰ</span> <span class='ocrx_word' id='word_1_258' title='bbox 479 3029 496 3076; x_wconf 85' lang='lat' dir='ltr'>si</span> <span class='ocrx_word' id='word_1_259' title='bbox 508 3029 571 3076; x_wconf 79' lang='lat' dir='ltr'>editt.</span> <span class='ocrx_word' id='word_1_260' title='bbox 584 3029 653 3086; x_wconf 84' lang='lat' dir='ltr'>eredo,</span> <span class='ocrx_word' id='word_1_261' title='bbox 666 3048 743 3087; x_wconf 81' lang='lat' dir='ltr'>omnes,</span> <span class='ocrx_word' id='word_1_262' title='bbox 755 3029 798 3090; x_wconf 70' lang='grc' dir='ltr'>ηξβ</span> <span class='ocrx_word' id='word_1_263' title='bbox 807 3029 865 3093; x_wconf 88' lang='lat' dir='ltr'>quod</span> <span class='ocrx_word' id='word_1_264' title='bbox 873 3028 933 3074; x_wconf 88' lang='lat' dir='ltr'>sicut</span> <span class='ocrx_word' id='word_1_265' title='bbox 944 3028 999 3076; x_wconf 76' lang='lat' dir='ltr'>ald.</span> <span class='ocrx_word' id='word_1_266' title='bbox 1011 3039 1032 3074; x_wconf 84' lang='lat' dir='ltr'>et</span> <span class='ocrx_word' id='word_1_267' title='bbox 1043 3046 1118 3090; x_wconf 86' lang='lat' dir='ltr'>margo</span> <span class='ocrx_word' id='word_1_268' title='bbox 1130 3029 1182 3090; x_wconf 78' lang='lat' dir='ltr'>Baſs</span> <span class='ocrx_word' id='word_1_269' title='bbox 1191 3026 1259 3088; x_wconf 77' lang='lat' dir='ltr'>psam</span> 
     </span>
     <span class='ocr_line' id='line_1_31' title="bbox 228 3093 1258 3157; baseline 0.003 -20"><span class='ocrx_word' id='word_1_270' title='bbox 228 3106 300 3137; x_wconf 76' lang='lat' dir='ltr'>autem</span> <span class='ocrx_word' id='word_1_271' title='bbox 312 3111 352 3139; x_wconf 90' lang='lat' dir='ltr'>om.</span> <span class='ocrx_word' id='word_1_272' title='bbox 365 3095 414 3142; x_wconf 79' lang='lat' dir='ltr'>etii.</span> <span class='ocrx_word' id='word_1_273' title='bbox 489 3093 501 3124; x_wconf 63' lang='lat' dir='ltr'>k</span> <span class='ocrx_word' id='word_1_274' title='bbox 520 3095 673 3156; x_wconf 84' lang='lat' dir='ltr'>philosophos</span> <span class='ocrx_word' id='word_1_275' title='bbox 685 3095 713 3141; x_wconf 90' lang='lat' dir='ltr'>G.</span> <span class='ocrx_word' id='word_1_276' title='bbox 727 3105 748 3140; x_wconf 86' lang='lat' dir='ltr'>rt</span> <span class='ocrx_word' id='word_1_277' title='bbox 760 3095 831 3140; x_wconf 78' lang='lat' dir='ltr'><em>MSS.</em></span> <span class='ocrx_word' id='word_1_278' title='bbox 844 3093 893 3141; x_wconf 82' lang='lat' dir='ltr'>alii.</span> <span class='ocrx_word' id='word_1_279' title='bbox 919 3095 983 3140; x_wconf 81' lang='lat' dir='ltr'>Forte</span> <span class='ocrx_word' id='word_1_280' title='bbox 994 3093 1258 3157; x_wconf 77' lang='lat' dir='ltr'>utrumqueservandam.</span> 
     </span>
     <span class='ocr_line' id='line_1_32' title="bbox 227 3155 1257 3220; baseline 0 -16"><span class='ocrx_word' id='word_1_281' title='bbox 227 3155 369 3206; x_wconf 80' lang='lat' dir='ltr'>¹om.Jens.</span> <span class='ocrx_word' id='word_1_282' title='bbox 435 3163 454 3188; x_wconf 73' lang='lat'>¹¹²</span> <span class='ocrx_word' id='word_1_283' title='bbox 473 3159 556 3206; x_wconf 85' lang='lat' dir='ltr'>etvim</span> <span class='ocrx_word' id='word_1_284' title='bbox 568 3161 665 3208; x_wconf 74' lang='lat' dir='ltr'>afletam</span> <span class='ocrx_word' id='word_1_285' title='bbox 682 3160 822 3207; x_wconf 83' lang='lat' dir='ltr'>hominibus</span> <span class='ocrx_word' id='word_1_286' title='bbox 834 3159 864 3204; x_wconf 91' lang='lat' dir='ltr'>G.</span> <span class='ocrx_word' id='word_1_287' title='bbox 923 3165 934 3187; x_wconf 74' lang='lat'>²</span> <span class='ocrx_word' id='word_1_288' title='bbox 954 3159 1062 3220; x_wconf 75' lang='lat' dir='ltr'>praecipit</span> <span class='ocrx_word' id='word_1_289' title='bbox 1074 3159 1104 3204; x_wconf 92' lang='lat' dir='ltr'>G.</span> <span class='ocrx_word' id='word_1_290' title='bbox 1116 3159 1179 3204; x_wconf 83' lang='lat' dir='ltr'>lens.</span> <span class='ocrx_word' id='word_1_291' title='bbox 1192 3157 1257 3204; x_wconf 84' lang='lat' dir='ltr'>male.</span> 
     </span>
    </p>
   </div>
   <div class='ocr_carea' id='block_1_4' title="bbox 188 3303 1348 4358">
    <p class='ocr_par' dir='ltr' id='par_1_11' title="bbox 225 3303 1348 3796">
     <span class='ocr_line' id='line_1_33' title="bbox 266 3303 1257 3377; baseline 0 -19"><span class='ocrx_word' id='word_1_292' title='bbox 266 3327 292 3359; x_wconf 87' lang='lat'>2.</span> <span class='ocrx_word' id='word_1_293' title='bbox 324 3307 381 3359; x_wconf 84' lang='lat' dir='ltr'>talis</span> <span class='ocrx_word' id='word_1_294' title='bbox 408 3307 449 3377; x_wconf 87' lang='lat' dir='ltr'>est,</span> <span class='ocrx_word' id='word_1_295' title='bbox 471 3307 550 3376; x_wconf 78' lang='lat' dir='ltr'>qualis</span> <span class='ocrx_word' id='word_1_296' title='bbox 572 3306 719 3377; x_wconf 83' lang='lat' dir='ltr'>elequentia]</span> <span class='ocrx_word' id='word_1_297' title='bbox 769 3316 829 3362; x_wconf 80' lang='lat' dir='ltr'>tura</span> <span class='ocrx_word' id='word_1_298' title='bbox 841 3305 880 3358; x_wconf 89' lang='lat' dir='ltr'>vel</span> <span class='ocrx_word' id='word_1_299' title='bbox 890 3303 1008 3372; x_wconf 72' lang='lat' dir='ltr'>orantia,</span> <span class='ocrx_word' id='word_1_300' title='bbox 1029 3305 1066 3359; x_wconf 88' lang='lat' dir='ltr'>vel</span> <span class='ocrx_word' id='word_1_301' title='bbox 1087 3325 1135 3357; x_wconf 92' lang='lat' dir='ltr'>non</span> <span class='ocrx_word' id='word_1_302' title='bbox 1155 3305 1257 3358; x_wconf 75' lang='lat' dir='ltr'>habebit</span> 
     </span>
     <span class='ocr_line' id='line_1_34' title="bbox 230 3375 1258 3447; baseline -0.004 -19"><span class='ocrx_word' id='word_1_303' title='bbox 230 3378 270 3428; x_wconf 85' lang='lat' dir='ltr'>Ut</span> <span class='ocrx_word' id='word_1_304' title='bbox 285 3375 418 3447; x_wconf 83' lang='lat' dir='ltr'>eloquentia</span> <span class='ocrx_word' id='word_1_305' title='bbox 437 3377 557 3445; x_wconf 79' lang='lat' dir='ltr'>significat</span> <span class='ocrx_word' id='word_1_306' title='bbox 575 3375 721 3428; x_wconf 81' lang='lat' dir='ltr'>facultatem</span> <span class='ocrx_word' id='word_1_307' title='bbox 769 3375 874 3428; x_wconf 83' lang='lat' dir='ltr'>formam</span> <span class='ocrx_word' id='word_1_308' title='bbox 885 3375 1258 3444; x_wconf 78' lang='lat' dir='ltr'>significationiconvenientem,</span> 
     </span>
     <span class='ocr_line' id='line_1_35' title="bbox 226 3445 1123 3516; baseline 0 -18"><span class='ocrx_word' id='word_1_309' title='bbox 226 3459 255 3512; x_wconf 52' lang='lat' dir='ltr'>‚et</span> <span class='ocrx_word' id='word_1_310' title='bbox 267 3447 378 3498; x_wconf 87' lang='lat' dir='ltr'>habitum</span> <span class='ocrx_word' id='word_1_311' title='bbox 392 3445 469 3514; x_wconf 87' lang='lat' dir='ltr'>ipsum</span> <span class='ocrx_word' id='word_1_312' title='bbox 482 3449 542 3498; x_wconf 80' lang='lat' dir='ltr'>bene</span> <span class='ocrx_word' id='word_1_313' title='bbox 553 3447 651 3498; x_wconf 89' lang='lat' dir='ltr'>dicendi</span> <span class='ocrx_word' id='word_1_314' title='bbox 662 3468 669 3510; x_wconf 80' lang='lat'>3</span> <span class='ocrx_word' id='word_1_315' title='bbox 689 3445 719 3498; x_wconf 87' lang='lat' dir='ltr'>sic</span> <span class='ocrx_word' id='word_1_316' title='bbox 768 3459 797 3498; x_wconf 86' lang='lat' dir='ltr'>ut</span> <span class='ocrx_word' id='word_1_317' title='bbox 808 3447 918 3498; x_wconf 88' lang='lat' dir='ltr'>oratoria</span> <span class='ocrx_word' id='word_1_318' title='bbox 930 3457 1004 3516; x_wconf 87' lang='lat' dir='ltr'>atque</span> <span class='ocrx_word' id='word_1_319' title='bbox 1014 3446 1123 3498; x_wconf 83' lang='lat' dir='ltr'>oratrix.</span> 
     </span>
     <span class='ocr_line' id='line_1_36' title="bbox 230 3513 1258 3584; baseline -0.002 -16"><span class='ocrx_word' id='word_1_320' title='bbox 230 3517 419 3568; x_wconf 78' lang='lat' dir='ltr'>rhetoricenotat</span> <span class='ocrx_word' id='word_1_321' title='bbox 427 3513 720 3568; x_wconf 77' lang='lat' dir='ltr'>facultatemethabitnm</span> <span class='ocrx_word' id='word_1_322' title='bbox 804 3533 831 3578; x_wconf 79' lang='lat'>4.</span> <span class='ocrx_word' id='word_1_323' title='bbox 850 3515 917 3567; x_wconf 87' lang='lat' dir='ltr'>Nam</span> <span class='ocrx_word' id='word_1_324' title='bbox 929 3525 993 3568; x_wconf 83' lang='lat' dir='ltr'>certe</span> <span class='ocrx_word' id='word_1_325' title='bbox 995 3515 1032 3582; x_wconf 79' lang='lat' dir='ltr'>stc</span> <span class='ocrx_word' id='word_1_326' title='bbox 1038 3526 1062 3566; x_wconf 84' lang='lat' dir='ltr'>et</span> <span class='ocrx_word' id='word_1_327' title='bbox 1064 3515 1177 3584; x_wconf 66' lang='lat' dir='ltr'>psutstcos]</span> <span class='ocrx_word' id='word_1_328' title='bbox 1190 3515 1258 3566; x_wconf 87' lang='lat' dir='ltr'>Con·</span> 
     </span>
     <span class='ocr_line' id='line_1_37' title="bbox 231 3585 1258 3665; baseline -0.005 -27"><span class='ocrx_word' id='word_1_329' title='bbox 231 3600 409 3665; x_wconf 74' lang='lat' dir='ltr'>praceptorum</span> <span class='ocrx_word' id='word_1_330' title='bbox 420 3586 481 3636; x_wconf 84' lang='lat' dir='ltr'>bene</span> <span class='ocrx_word' id='word_1_331' title='bbox 493 3587 599 3638; x_wconf 75' lang='lat' dir='ltr'>dicendi,</span> <span class='ocrx_word' id='word_1_332' title='bbox 637 3587 720 3656; x_wconf 76' lang='lat' dir='ltr'>Igitur</span> <span class='ocrx_word' id='word_1_333' title='bbox 768 3586 905 3646; x_wconf 84' lang='lat' dir='ltr'>donabunt,</span> <span class='ocrx_word' id='word_1_334' title='bbox 918 3585 994 3654; x_wconf 78' lang='lat' dir='ltr'>spero,</span> <span class='ocrx_word' id='word_1_335' title='bbox 1008 3585 1103 3648; x_wconf 81' lang='lat' dir='ltr'>studiosi</span> <span class='ocrx_word' id='word_1_336' title='bbox 1117 3588 1160 3636; x_wconf 90' lang='lat' dir='ltr'>uni</span> <span class='ocrx_word' id='word_1_337' title='bbox 1173 3585 1258 3635; x_wconf 82' lang='lat' dir='ltr'>literu-</span> 
     </span>
     <span class='ocr_line' id='line_1_38' title="bbox 228 3653 1258 3723; baseline -0.004 -15"><span class='ocrx_word' id='word_1_338' title='bbox 228 3666 330 3708; x_wconf 74' lang='lat' dir='ltr'>orantia</span> <span class='ocrx_word' id='word_1_339' title='bbox 343 3655 380 3706; x_wconf 84' lang='lat' dir='ltr'>vel</span> <span class='ocrx_word' id='word_1_340' title='bbox 392 3665 496 3706; x_wconf 85' lang='lat' dir='ltr'>oratura</span> <span class='ocrx_word' id='word_1_341' title='bbox 513 3657 616 3708; x_wconf 81' lang='lat' dir='ltr'>dicenda</span> <span class='ocrx_word' id='word_1_342' title='bbox 637 3657 678 3718; x_wconf 84' lang='lat' dir='ltr'>est,</span> <span class='ocrx_word' id='word_1_343' title='bbox 691 3669 719 3707; x_wconf 90' lang='lat' dir='ltr'>ut</span> <span class='ocrx_word' id='word_1_344' title='bbox 770 3656 799 3707; x_wconf 88' lang='lat' dir='ltr'>lae</span> <span class='ocrx_word' id='word_1_345' title='bbox 820 3655 849 3706; x_wconf 87' lang='lat' dir='ltr'>ad</span> <span class='ocrx_word' id='word_1_346' title='bbox 862 3653 888 3721; x_wconf 88' lang='grc' dir='ltr'><em>β</em></span> <span class='ocrx_word' id='word_1_347' title='bbox 907 3655 1015 3720; x_wconf 68' lang='lat' dir='ltr'>adjeaae,</span> <span class='ocrx_word' id='word_1_348' title='bbox 1033 3673 1109 3723; x_wconf 88' lang='lat' dir='ltr'>quam</span> <span class='ocrx_word' id='word_1_349' title='bbox 1128 3655 1227 3723; x_wconf 75' lang='lat' dir='ltr'>sequens</span> <span class='ocrx_word' id='word_1_350' title='bbox 1244 3668 1258 3704; x_wconf 84' lang='lat' dir='ltr'>e</span> 
     </span>
     <span class='ocr_line' id='line_1_39' title="bbox 225 3719 1348 3796; baseline -0.004 -20"><span class='ocrx_word' id='word_1_351' title='bbox 225 3719 364 3794; x_wconf 56' lang='lat' dir='ltr'>&#39;eloquentia</span> <span class='ocrx_word' id='word_1_352' title='bbox 375 3736 399 3777; x_wconf 86' lang='lat' dir='ltr'>et</span> <span class='ocrx_word' id='word_1_353' title='bbox 409 3723 553 3776; x_wconf 86' lang='lat' dir='ltr'>literatura.</span> <span class='ocrx_word' id='word_1_354' title='bbox 661 3777 664 3784; x_wconf 78' lang='grc'><em>,</em></span> <span class='ocrx_word' id='word_1_355' title='bbox 768 3737 867 3796; x_wconf 85' lang='lat' dir='ltr'>propter</span> <span class='ocrx_word' id='word_1_356' title='bbox 895 3723 1078 3776; x_wconf 85' lang='lat' dir='ltr'>similitudinem</span> <span class='ocrx_word' id='word_1_357' title='bbox 1107 3720 1257 3788; x_wconf 59' lang='lat' dir='ltr'>extitisset,</span> <span class='ocrx_word' id='word_1_358' title='bbox 1346 3767 1348 3772; x_wconf 80' lang='grc'>,</span> 
     </span>
    </p>

    <p class='ocr_par' dir='ltr' id='par_1_12' title="bbox 232 3791 1259 4072">
     <span class='ocr_line' id='line_1_40' title="bbox 270 3791 1257 3865; baseline 0 -19"><span class='ocrx_word' id='word_1_359' title='bbox 270 3813 293 3858; x_wconf 87' lang='lat'>3.</span> <span class='ocrx_word' id='word_1_360' title='bbox 314 3791 447 3846; x_wconf 71' lang='lat' dir='ltr'>Veram&#39;in</span> <span class='ocrx_word' id='word_1_361' title='bbox 465 3793 582 3846; x_wconf 85' lang='lat' dir='ltr'>rhetorice</span> <span class='ocrx_word' id='word_1_362' title='bbox 606 3812 651 3845; x_wconf 88' lang='lat' dir='ltr'>non</span> <span class='ocrx_word' id='word_1_363' title='bbox 669 3794 718 3865; x_wconf 84' lang='grc' dir='ltr'>βι]</span> <span class='ocrx_word' id='word_1_364' title='bbox 770 3795 808 3847; x_wconf 86' lang='grc' dir='ltr'>Νι</span> <span class='ocrx_word' id='word_1_365' title='bbox 821 3803 954 3862; x_wconf 82' lang='lat' dir='ltr'>pugnemus</span> <span class='ocrx_word' id='word_1_366' title='bbox 970 3805 1055 3846; x_wconf 84' lang='lat' dir='ltr'>contra</span> <span class='ocrx_word' id='word_1_367' title='bbox 1067 3793 1184 3846; x_wconf 79' lang='lat' dir='ltr'>Graecam</span> <span class='ocrx_word' id='word_1_368' title='bbox 1203 3793 1257 3846; x_wconf 87' lang='lat' dir='ltr'>rhe-</span> 
     </span>
     <span class='ocr_line' id='line_1_41' title="bbox 233 3863 1259 3932; baseline 0 -18"><span class='ocrx_word' id='word_1_369' title='bbox 233 3865 259 3916; x_wconf 74' lang='grc' dir='ltr'><strong>δί</strong></span> <span class='ocrx_word' id='word_1_370' title='bbox 279 3865 335 3916; x_wconf 68' lang='lat' dir='ltr'>lana</span> <span class='ocrx_word' id='word_1_371' title='bbox 352 3865 406 3916; x_wconf 79' lang='lat' dir='ltr'>sum</span> <span class='ocrx_word' id='word_1_372' title='bbox 426 3865 477 3914; x_wconf 86' lang='lat' dir='ltr'>haec</span> <span class='ocrx_word' id='word_1_373' title='bbox 498 3867 584 3925; x_wconf 85' lang='lat' dir='ltr'>verba,</span> <span class='ocrx_word' id='word_1_374' title='bbox 604 3883 656 3914; x_wconf 72' lang='lat' dir='ltr'>earn</span> <span class='ocrx_word' id='word_1_375' title='bbox 677 3865 720 3915; x_wconf 89' lang='lat' dir='ltr'>ha·</span> <span class='ocrx_word' id='word_1_376' title='bbox 769 3865 863 3915; x_wconf 51' lang='lat' dir='ltr'>toricts¹</span> <span class='ocrx_word' id='word_1_377' title='bbox 879 3863 1082 3932; x_wconf 76' lang='lat' dir='ltr'>appellationem:</span> <span class='ocrx_word' id='word_1_378' title='bbox 1111 3881 1167 3914; x_wconf 87' lang='lat' dir='ltr'>nam</span> <span class='ocrx_word' id='word_1_379' title='bbox 1186 3865 1259 3914; x_wconf 83' lang='lat' dir='ltr'>Grae-</span> 
     </span>
     <span class='ocr_line' id='line_1_42' title="bbox 232 3932 1259 4004; baseline -0.002 -20"><span class='ocrx_word' id='word_1_380' title='bbox 232 3933 301 3994; x_wconf 88' lang='lat' dir='ltr'>bent,</span> <span class='ocrx_word' id='word_1_381' title='bbox 314 3947 385 4004; x_wconf 88' lang='lat' dir='ltr'>puto,</span> <span class='ocrx_word' id='word_1_382' title='bbox 398 3933 555 3984; x_wconf 83' lang='lat' dir='ltr'>sententiam:</span> <span class='ocrx_word' id='word_1_383' title='bbox 577 3936 602 3986; x_wconf 89' lang='lat' dir='ltr'>in</span> <span class='ocrx_word' id='word_1_384' title='bbox 618 3932 721 4002; x_wconf 62' lang='lat' dir='ltr'>elratori-</span> <span class='ocrx_word' id='word_1_385' title='bbox 769 3933 804 3986; x_wconf 88' lang='lat' dir='ltr'>cis</span> <span class='ocrx_word' id='word_1_386' title='bbox 821 3946 912 3994; x_wconf 73' lang='lat' dir='ltr'>tamen,</span> <span class='ocrx_word' id='word_1_387' title='bbox 926 3933 1030 3986; x_wconf 88' lang='lat' dir='ltr'>velimus</span> <span class='ocrx_word' id='word_1_388' title='bbox 1049 3933 1167 3993; x_wconf 85' lang='lat' dir='ltr'>nolimus,</span> <span class='ocrx_word' id='word_1_389' title='bbox 1179 3933 1214 4002; x_wconf 82' lang='grc' dir='ltr'>ιβ.</span> <span class='ocrx_word' id='word_1_390' title='bbox 1229 3949 1259 3982; x_wconf 90' lang='lat' dir='ltr'>u-</span> 
     </span>
     <span class='ocr_line' id='line_1_43' title="bbox 233 4001 1259 4072; baseline 0 -19"><span class='ocrx_word' id='word_1_391' title='bbox 233 4021 270 4056; x_wconf 82' lang='lat' dir='ltr'>res</span> <span class='ocrx_word' id='word_1_392' title='bbox 281 4004 378 4055; x_wconf 82' lang='lat' dir='ltr'>nornine</span> <span class='ocrx_word' id='word_1_393' title='bbox 390 4020 438 4054; x_wconf 91' lang='lat' dir='ltr'>non</span> <span class='ocrx_word' id='word_1_394' title='bbox 454 4001 484 4054; x_wconf 88' lang='lat' dir='ltr'>src</span> <span class='ocrx_word' id='word_1_395' title='bbox 496 4003 631 4066; x_wconf 76' lang='lat' dir='ltr'>laboratur,</span> <span class='ocrx_word' id='word_1_396' title='bbox 642 4021 722 4072; x_wconf 85' lang='lat' dir='ltr'>neque</span> <span class='ocrx_word' id='word_1_397' title='bbox 770 4003 883 4054; x_wconf 83' lang='lat' dir='ltr'>tendum:</span> <span class='ocrx_word' id='word_1_398' title='bbox 905 4012 969 4054; x_wconf 83' lang='lat' dir='ltr'>certe</span> <span class='ocrx_word' id='word_1_399' title='bbox 980 4005 1043 4054; x_wconf 88' lang='lat' dir='ltr'>enim</span> <span class='ocrx_word' id='word_1_400' title='bbox 1049 4002 1094 4069; x_wconf 84' lang='lat' dir='ltr'>stc,</span> <span class='ocrx_word' id='word_1_401' title='bbox 1106 4003 1133 4054; x_wconf 90' lang='lat' dir='ltr'>h.</span> <span class='ocrx_word' id='word_1_402' title='bbox 1146 4020 1168 4054; x_wconf 89' lang='lat' dir='ltr'>e.</span> <span class='ocrx_word' id='word_1_403' title='bbox 1183 4001 1259 4053; x_wconf 68' lang='lat' dir='ltr'>Gie-</span> 
     </span>
    </p>

    <p class='ocr_par' dir='ltr' id='par_1_13' title="bbox 188 4071 1259 4358">
     <span class='ocr_line' id='line_1_44' title="bbox 188 4071 1259 4144; baseline -0.002 -20"><span class='ocrx_word' id='word_1_404' title='bbox 188 4072 194 4083; x_wconf 89' lang='lat'>&#39;</span> <span class='ocrx_word' id='word_1_405' title='bbox 234 4073 385 4124; x_wconf 85' lang='lat' dir='ltr'>cavillationi</span> <span class='ocrx_word' id='word_1_406' title='bbox 396 4071 465 4123; x_wconf 77' lang='lat' dir='ltr'>locus</span> <span class='ocrx_word' id='word_1_407' title='bbox 478 4071 518 4132; x_wconf 85' lang='lat' dir='ltr'>est,</span> <span class='ocrx_word' id='word_1_408' title='bbox 532 4083 560 4123; x_wconf 85' lang='lat' dir='ltr'>nt</span> <span class='ocrx_word' id='word_1_409' title='bbox 573 4074 597 4124; x_wconf 92' lang='lat' dir='ltr'>in</span> <span class='ocrx_word' id='word_1_410' title='bbox 610 4091 721 4142; x_wconf 88' lang='lat' dir='ltr'>quocun·</span> <span class='ocrx_word' id='word_1_411' title='bbox 740 4131 747 4144; x_wconf 49' lang='lat'><strong>·</strong></span> <span class='ocrx_word' id='word_1_412' title='bbox 771 4091 807 4132; x_wconf 81' lang='lat' dir='ltr'>ce,</span> <span class='ocrx_word' id='word_1_413' title='bbox 820 4074 895 4124; x_wconf 84' lang='lat' dir='ltr'>ctiam</span> <span class='ocrx_word' id='word_1_414' title='bbox 910 4071 1020 4142; x_wconf 77' lang='lat' dir='ltr'>pbyficos,</span> <span class='ocrx_word' id='word_1_415' title='bbox 1033 4083 1056 4124; x_wconf 84' lang='lat' dir='ltr'>et</span> <span class='ocrx_word' id='word_1_416' title='bbox 1074 4072 1167 4139; x_wconf 74' lang='lat' dir='ltr'>maistres</span> <span class='ocrx_word' id='word_1_417' title='bbox 1178 4071 1259 4123; x_wconf 76' lang='lat' dir='ltr'>dicarat</span> 
     </span>
     <span class='ocr_line' id='line_1_45' title="bbox 234 4140 1258 4212; baseline 0.006 -20"><span class='ocrx_word' id='word_1_418' title='bbox 234 4160 292 4210; x_wconf 83' lang='lat' dir='ltr'>que,</span> <span class='ocrx_word' id='word_1_419' title='bbox 305 4141 321 4194; x_wconf 80' lang='lat' dir='ltr'>si</span> <span class='ocrx_word' id='word_1_420' title='bbox 333 4143 421 4210; x_wconf 83' lang='lat' dir='ltr'>fingas,</span> <span class='ocrx_word' id='word_1_421' title='bbox 434 4145 538 4194; x_wconf 85' lang='lat' dir='ltr'>Latino:</span> <span class='ocrx_word' id='word_1_422' title='bbox 554 4145 619 4212; x_wconf 88' lang='lat' dir='ltr'>quod</span> <span class='ocrx_word' id='word_1_423' title='bbox 632 4143 723 4193; x_wconf 85' lang='lat' dir='ltr'>scilicet</span> <span class='ocrx_word' id='word_1_424' title='bbox 764 4143 893 4210; x_wconf 64' lang='lat' dir='ltr'>equidem,</span> <span class='ocrx_word' id='word_1_425' title='bbox 905 4140 1014 4194; x_wconf 74' lang='lat' dir='ltr'>necuim</span> <span class='ocrx_word' id='word_1_426' title='bbox 1026 4153 1070 4192; x_wconf 86' lang='lat' dir='ltr'>aut</span> <span class='ocrx_word' id='word_1_427' title='bbox 1081 4153 1203 4194; x_wconf 83' lang='lat' dir='ltr'>torturam</span> <span class='ocrx_word' id='word_1_428' title='bbox 1215 4141 1258 4198; x_wconf 68' lang='lat' dir='ltr'>ad·</span> 
     </span>
     <span class='ocr_line' id='line_1_46' title="bbox 234 4211 1127 4280; baseline 0.003 -18"><span class='ocrx_word' id='word_1_429' title='bbox 234 4211 272 4262; x_wconf 83' lang='lat' dir='ltr'>vel</span> <span class='ocrx_word' id='word_1_430' title='bbox 286 4211 409 4263; x_wconf 79' lang='lat' dir='ltr'>insolitum</span> <span class='ocrx_word' id='word_1_431' title='bbox 422 4211 468 4262; x_wconf 80' lang='lat' dir='ltr'>erit</span> <span class='ocrx_word' id='word_1_432' title='bbox 480 4224 554 4280; x_wconf 87' lang='lat' dir='ltr'>atque</span> <span class='ocrx_word' id='word_1_433' title='bbox 573 4211 724 4263; x_wconf 84' lang='lat' dir='ltr'>intolerabile</span> <span class='ocrx_word' id='word_1_434' title='bbox 771 4211 863 4278; x_wconf 73' lang='lat' dir='ltr'>hibebo</span> <span class='ocrx_word' id='word_1_435' title='bbox 874 4211 913 4264; x_wconf 85' lang='lat' dir='ltr'>his</span> <span class='ocrx_word' id='word_1_436' title='bbox 924 4211 1065 4264; x_wconf 79' lang='lat' dir='ltr'>nominibus</span> <span class='ocrx_word' id='word_1_437' title='bbox 1078 4211 1127 4266; x_wconf 61' lang='lat' dir='ltr'>&amp;a</span> 
     </span>
     <span class='ocr_line' id='line_1_47' title="bbox 235 4280 723 4358; baseline 0 -26"><span class='ocrx_word' id='word_1_438' title='bbox 235 4283 349 4345; x_wconf 79' lang='lat' dir='ltr'>auribus,</span> <span class='ocrx_word' id='word_1_439' title='bbox 360 4293 389 4334; x_wconf 86' lang='lat' dir='ltr'>ut</span> <span class='ocrx_word' id='word_1_440' title='bbox 402 4280 517 4358; x_wconf 77' lang='lat' dir='ltr'>illaquae</span> <span class='ocrx_word' id='word_1_441' title='bbox 536 4281 654 4334; x_wconf 76' lang='lat' dir='ltr'>finximus</span> <span class='ocrx_word' id='word_1_442' title='bbox 666 4297 723 4333; x_wconf 89' lang='lat' dir='ltr'>ora-</span> 
     </span>
    </p>
   </div>
   <div class='ocr_carea' id='block_1_5' title="bbox 0 0 1523 4920">
    <p class='ocr_par' dir='ltr' id='par_1_14' title="bbox 0 0 1523 4920">
     <span class='ocr_line' id='line_1_48' title="bbox 0 0 1523 4920; baseline 0 0"><span class='ocrx_word' id='word_1_443' title='bbox 0 0 1523 4920; x_wconf 95' lang='lat' dir='ltr'> </span> 
     </span>
    </p>
   </div>
  </div>
 </body>
</html>
