2870 4916
281 361 360 440 xxa
606 359 1000 458 ¹rationario.
1082 467 1090 494 l

189 607 194 616 a
280 545 465 624 industria.
499 543 630 641 agitur
656 541 701 620 ea
726 546 839 624 modo
856 546 1002 625 deindo?
1018 542 1318 630 commemorabi·

286 685 378 743 mus,
394 683 488 758 quaa
502 659 605 734 nobis
630 679 812 757 comperta
834 660 926 739 sunt·
977 661 1105 744 Unum
1123 659 1319 744 biotestafi·

287 774 399 848 lentio
415 799 485 846 non
502 777 800 872 praetereundum.
852 775 1144 858 enuntiabant
1161 795 1319 865 meatim,

287 913 359 986 pro
371 887 435 964 sno
451 888 488 964 iu
504 889 679 985 quidquid
700 889 892 986 pulchrum
908 905 943 964 ot
959 889 1321 979 honestumest,.stu-

291 1005 352 1076 dio
368 1001 433 1075 Vir
456 1003 597 1079 illustris
614 1004 670 1079 Jo.
690 1005 843 1082 Godosr.
860 1006 906 1082 do
927 1004 1071 1084 Meieru
1096 1002 1324 1088 bretenni-

290 1133 338 1191 tae
365 1118 508 1190 Nicolai
532 1120 576 1190 V.
603 1119 643 1192 P.
668 1119 728 1192 M.
755 1119 1040 1216 descriptionem,
1069 1137 1277 1218 excerptam
1303 1145 1322 1192 e

293 1227 443 1322 Codice,
461 1232 522 1330 qui
540 1233 621 1306 adia
636 1233 888 1330 compledtitur
906 1238 1205 1332 concordatorum
1216 1233 1326 1308 «Sedis

293 1346 512 1448 Apostolic'ae
540 1375 624 1422 cum
650 1347 806 1422 Natione
835 1347 1050 1426 Germanica
1077 1351 1122 1425 A.
1154 1371 1260 1448 1447.
1287 1348 1327 1422 in

287 1491 364 1564 ,qua
380 1465 444 1538 ista
461 1463 567 1544 etiam
585 1465 628 1540 de
645 1461 709 1538 illo
735 1463 913 1542 Pontifice
938 1465 1117 1564 leguntur,
1133 1463 1232 1558 Mtfit
1249 1461 1328 1536 lite-

198 1615 200 1620 ·
292 1597 385 1654 ratos
409 1600 468 1677 per
491 1595 594 1652 totam
612 1580 796 1677 Europam,
813 1607 953 1678 quorum.
972 1581 1131 1674 ffl‘disia
1149 1578 1227 1654 libri
1251 1601 1328 1652 con·

291 1696 514 1795 quirermtur.
565 1695 618 1766 Er
651 1693 776 1792 Pogiur
812 1693 1052 1784 Quintilianum
1084 1711 1153 1768 tum
1184 1695 1327 1777 invonit.

293 1811 388 1884 Illud
406 1811 485 1882 laxe
502 1808 580 1882 satis
597 1824 633 1880 et
650 1809 836 1906 plusquam
852 1809 1017 1905 perfeeto
1027 1827 1188 1908 tempore
1203 1811 1256 1882 est
1271 1809 1330 1882 in·

294 1923 543 2024 telligendum.
596 1920 747 1994 Codices
766 1922 1002 1995 Quindiliani
1023 1923 1188 2014 extitisti,
1207 1940 1244 1996 et
1261 1923 1332 1996 ho·
1416 1917 1418 2000 i

267 2077 270 2086 ·
289 2029 354 2112 ¹die
371 2039 517 2125 exstare,
537 2035 727 2140 Poggiano
746 2036 974 2134 antiquiores,
991 2064 1063 2112 uon
1090 2030 1331 2132 est'dubium.
1418 2017 1419 2100 i

297 2154 334 2233 Α
351 2153 490 2251 Poggio
505 2153 543 2226 io
560 2152 772 2229 monasterio
798 2154 835 2226 S.
854 2151 965 2242 Galli,
981 2155 1128 2230 durante
1152 2153 1333 2231 constan-

216 2297 232 2348 :
296 2269 398 2344 tienfi
414 2268 600 2358 Concilio,
618 2267 681 2342 diu
703 2285 784 2344 aute
810 2268 1005 2344 Nicolaum
1021 2269 1252 2347 Pontificem
1275 2269 1333 2342 in·
1420 2277 1422 2356 ς

297 2402 445 2458 ventum
470 2384 539 2456 effe
565 2383 739 2456 Codieem
765 2383 944 2480 optimum
970 2384 1225 2473 Qttiudtiliani,
1253 2409 1334 2458 cer-
1422 2426 1423 2470 r

297 2519 377 2572 tum
395 2497 513 2587 hodie,
530 2497 592 2569 ubi
619 2497 776 2594 epistolae
802 2499 1001 2595 complures
1026 2501 1071 2571 de
1097 2521 1138 2588 aa
1159 2523 1196 2572 re
1220 2499 1259 2572 in
1275 2501 1335 2572 lu·

299 2640 380 2688 cem
396 2611 600 2711 protrudiae,
617 2627 653 2682 et
675 2611 749 2682 vita
766 2611 879 2684 omnis
901 2611 1029 2710 Poggii
1047 2612 1221 2686 illustrata
1236 2614 1336 2704 varie

263 2807 268 2826 s
290 2732 363 2806 est.
414 2729 485 2802 Sed
501 2725 610 2802 miffis
626 2725 784 2818 MSStis,
802 2752 890 2824 quos
910 2752 976 2800 uec
994 2727 1161 2816 vidimus,
1179 2754 1250 2804 nec
1267 2755 1336 2802 no-

299 2869 385 2918 vum
403 2843 491 2940 quid
508 2844 552 2914 de
570 2839 638 2913 illis
659 2842 786 2912 docere
810 2841 1015 2937 poffumue;
1038 2843 1114 2937 jam
1131 2843 1337 2921 editionum

301 2961 513 3054 Catalogum
538 2955 713 3044 dabimus,
730 2957 965 3050 aliquantum,
989 2979 1097 3052 quam
1122 2959 1246 3052 adhuc
1266 2983 1339 3032 ex.

300 3075 400 3161 stitit,
426 3074 484 3145 vel
508 3069 716 3168 pleniorem,
732 3071 791 3141 vel
816 3069 1014 3141 certiorem.
1066 3071 1162 3144 Illud
1187 3076 1367 3170 praesta2

297 3191 394 3280 ,bunt
419 3205 496 3261 tum
522 3189 639 3260 nostra
660 3187 838 3282 quaedam,
856 3202 934 3260 tum
958 3185 1113 3260 Fabricii
1137 3191 1341 3286 praesertim

264 3290 267 3298 ¹
302 3307 341 3378 ri
358 3301 511 3400 μακαρῖτε
535 3303 580 3373 ad
605 3297 867 3372 Bibliothecam
893 3299 991 3375 suam
1015 3299 1224 3398 observata:
1254 3306 1341 3396 hoc,

256 3419 259 3424 ’
303 3417 403 3514 quod
426 3414 588 3498 asterisco
613 3411 828 3498 notabimus,
854 3437 935 3507 quae
959 3414 1187 3509 exemplaria,
1205 3416 1343 3506 saeculo

304 3532 450 3628 quidem
484 3553 582 3600 xvrr
617 3525 831 3620 antiquiora,
856 3525 920 3621 ipfi
951 3527 1068 3598 oculis
1100 3529 1342 3629 manibusque

303 3639 596 3738 usurpaverimus.
648 3637 807 3724 Caeteris,
835 3639 931 3708 unde
962 3655 1004 3709 ea
1026 3638 1135 3710 nobis
1163 3641 1343 3718 innotue-

147 3840 149 3846 .
303 3757 387 3845 rint,
421 3751 670 3827 adscribemus.
723 3751 765 3822 B.
800 3751 938 3823 notabit
972 3753 1187 3856 Catalogum
1228 3783 1343 3854 quern

304 3871 527 3942 Burmannus
552 3865 650 3937 dedit
676 3863 1022 3950 Almelovenianum,
1050 3866 1091 3936 F.
1116 3884 1245 3956 autem
1273 3873 1344 3945 Fa.

305 3983 500 4070 bricianam
532 3979 807 4069 Bibliothecam,
841 3996 877 4051 et
909 3979 958 4055 R.
991 3978 1164 4076 submitso„
1195 3985 1290 4058 mihi
1323 4013 1344 4060 a
