2870 4916
262 393 283 450 4
496 371 542 433 Μ.
562 368 686 432 FABII
708 367 1060 432 oulNcTILIAM

265 513 357 606 mum
381 533 519 624 vestigiis
546 533 726 600 infisterem.
769 535 854 600 Nam
884 535 981 602 ceteri
1005 532 1084 614 fere,
1109 532 1168 685 qni
1197 541 1347 618 artem4

266 620 378 688 orandi
398 621 499 688 literis
521 620 729 702 tradiderunt,
753 619 799 686 ita
818 619 891 686 sunt
911 619 1022 700 exorti,
1045 641 1129 706 quar
1151 617 1303 708 perfodis

267 707 357 774 omni
380 707 443 773 alio
464 728 583 794 genere
607 706 773 786 dodrinae,
796 703 952 772 summam
978 705 1079 772 indee
1104 703 1302 794 eloquentie

267 815 398 862 manum
414 781 636 884 imponerent:
660 791 722 858 five
742 805 985 860 contemnentes
1006 805 1171 877 tamquam
1193 813 1302 878 pareat

268 901 343 966 quae
369 879 461 966 prius
486 877 651 958 discimus,
675 876 794 942 studiat
832 877 893 942 five
922 897 987 942 non
1015 877 1056 942 ad
1084 876 1174 942 suum
1202 875 1304 964 perti·

268 967 345 1030 nete
367 963 507 1030 officium
529 963 661 1050 opinati,
686 959 814 1051 quando
836 961 943 1028 divisae
966 960 1191 1050 profellionum
1217 961 1306 1028 vicet

269 1047 388 1128 essent3
411 1049 475 1130 scu,
491 1047 578 1137 quod
592 1047 774 1136 proximum
789 1069 876 1127 vero,
892 1046 1012 1112 nullam
1031 1045 1156 1135 ingenii
1175 1047 1303 1134 speran-

269 1146 319 1200 tee
340 1135 489 1222 gratiam,
512 1133 597 1200 eirca
616 1155 678 1214 rea,
701 1133 820 1198 etiamst
844 1133 1036 1212 mellariae,
1058 1132 1172 1220 procul
1194 1146 1306 1197 tamen

270 1219 312 1286 ab
332 1219 541 1286 ostentatione
560 1219 696 1306 positae:
722 1239 772 1286 ur
792 1240 925 1306 operum
947 1217 1071 1366 fastiffiia
1088 1212 1307 1306 spectantum,

269 1303 372 1372 latent
392 1303 610 1370 fundamenta.
654 1303 740 1392 Ege,
754 1322 829 1370 cum
850 1301 932 1368 nihil
954 1304 1006 1368 exi
1032 1303 1129 1368 imem
1152 1301 1212 1366 arti
1232 1315 1346 1388 ora-5

271 1389 363 1454 toriae
375 1389 529 1468 alienum,
544 1386 609 1454 fine
621 1411 687 1490 quo
701 1388 770 1456 fieri
785 1400 944 1454 oratorem
960 1410 1025 1454 non
1082 1386 1123 1451 sse
1137 1386 1310 1453 fatendum

270 1474 326 1555 est,
343 1497 403 1542 nec
418 1473 459 1542 ad
480 1473 578 1542 ullius
599 1495 645 1540 rer
665 1473 834 1554 summam,
850 1475 905 1538 nist
927 1491 1028 1562 praece
1052 1473 1183 1540 entibus
1205 1471 1312 1538 initiis

272 1559 446 1648 perveniri;
469 1559 510 1626 ad
533 1559 656 1624 minora
680 1559 747 1638 illa,
768 1559 833 1640 sed,
854 1582 928 1646 quae
951 1559 971 1622 sr
998 1557 1157 1646 negligas,
1177 1579 1246 1624 non
1274 1559 1313 1624 fit

271 1643 446 1732 majoribus
467 1644 571 1726 locus,
584 1643 754 1712 demittere
772 1667 825 1712 mc
844 1667 908 1710 non
927 1645 1077 1712 recusabo
1092 1667 1106 1726 t
1127 1666 1187 1709 nec
1202 1643 1313 1726 aliter,

272 1751 370 1818 quam
392 1729 413 1792 fi
428 1727 510 1794 mihi
525 1729 664 1794 tradatur
677 1727 888 1794 educandusss
908 1741 1025 1808 orator,
1041 1729 1141 1794 studia
1155 1729 1226 1814 ejus
1241 1728 1313 1794 for-

193 1850 262 1868 *-
271 1836 360 1880 mare
372 1815 413 1880 ab
429 1813 562 1883 infantie
575 1811 739 1902 incipiam.
777 1813 877 1880 Quod
889 1836 983 1902 opus,
998 1815 1156 1880 Marcelle
1169 1813 1313 1898 victori,
1327 1817 1349 1882 6

272 1899 334 1964 tibi
357 1899 527 2000 diffingasi
546 1921 643 1986 quem
667 1921 742 1964 cum
764 1899 985 1964 amiciffimum
1008 1901 1116 1980 nobis,
1140 1913 1211 1966 tum
1238 1900 1314 1966 exi·

273 1983 342 2050 mio
360 1985 523 2050 literarum
543 2007 650 2050 amore
672 1987 713 2050 lla
738 1999 871 2061 rentem,
886 2007 949 2050 non
969 2000 1098 2074 propter
1118 1985 1191 2052 haec
1211 1985 1316 2052 modo

278 2072 486 2156 (quamquam
510 2069 582 2136 sunt
601 2009 737 2158 magnai
756 2069 974 2157 dignillimnm
995 2070 1059 2136 boc
1080 2083 1203 2136 mutuae
1228 2069 1318 2138 inter

274 2175 335 2220 noa
360 2154 498 2220 caritatis
521 2145 655 2242 pignbre
673 2153 921 2242 judicabamus;
945 2155 998 2220 sed
1011 2141 1109 2244 'quod
1134 2156 1319 2223 erudiendo

273 2253 351 2305 nato
362 2252 435 2318 tuo,
451 2237 543 2328 cujus
556 2240 659 2326 prima
674 2253 751 2308 aetas
766 2239 965 2308 manifestum
981 2240 1041 2309 iter
1057 2240 1098 2308 ad
1112 2239 1239 2330 ingenii
1261 2241 1318 2308 lu·
1431 2309 1432 2312 ,

273 2346 350 2396 rnen
373 2323 519 2404 ostendit,
534 2346 598 2392 non
621 2323 750 2391 inutiles
771 2325 839 2392 fore
853 2317 1151 2404 libri⁷videbantur‚
1165 2349 1249 2414 qnos
1274 2329 1319 2394 ab
1431 2341 1432 2382 ἒ

272 2409 284 2476 i
309 2407 346 2474 fis
368 2407 532 2480 discendih
553 2407 639 2476 velut
657 2409 874 2494 incunabulis,
891 2432 947 2498 per
968 2433 1092 2492 omnes,
1114 2435 1190 2500 quae
1213 2411 1320 2480 modo

273 2431 397 2582 aliquid
420 2491 537 2565 oratori
556 2493 666 2561 futuro
689 2485 865 2578 confdrant,
886 2507 983 2578 artes,
1000 2495 1041 2562 ad
1063 2495 1222 2564 summam
1244 2497 1319 2586 ejus

274 2579 379 2670 operis
401 2569 576 2668 perducire
599 2579 843 2647 destinabamue.
887 2581 998 2668 Atque
1020 2604 1059 2646 eo
1082 2605 1135 2648 ma
1161 2581 1201 2662 is,
1225 2583 1349 2682 qu0d7
1430 2637 1431 2672 q

189 2723 196 2726 .
275 2663 341 2730 duo
356 2663 425 2752 jam
441 2664 497 2730 tub
512 2665 644 2734 nominc
656 2687 729 2732 meo
742 2665 818 2736 libri
835 2665 1018 2734 ferebamur
1031 2667 1109 2732 artis
1129 2605 1319 2752 tltetorrcae,
1430 2673 1431 2684 ³

276 2771 382 2836 neque
406 2748 486 2816 editi
511 2772 530 2816 a
553 2771 618 2830 me,
646 2771 749 2838 neque
773 2749 808 2818 in
836 2750 899 2817 hcc
927 2751 1115 2843 comparati.
1159 2753 1319 2840 Namque

276 2835 428 2916 alterum,
445 2835 605 2915 sermone¹
627 2857 683 2926 per
706 2834 843 2902 biduum
864 2833 988 2916 habito,
1011 2835 1114 2924 pueri,
1137 2835 1261 2929 quibus
1284 2838 1320 2904 id

274 2919 491 3006 praestabatur,
511 2933 722 3014 exceperantu:
754 2917 888 2989 alterum
913 2919 1061 3008 pluribus
1084 2921 1158 2989 sanc
1184 2921 1318 3004 diebus,
1419 2977 1421 2982 .

275 3004 431 3094 quantum
454 3003 595 3068 notando
615 3004 766 3092 consequi
788 3015 934 3094 poterant
945 3005 972 3084 ¹²,
989 3005 1221 3092 interceptum,
1236 3009 1318 3074 boni

272 3087 421 3179 juvence,
442 3087 516 3155 sed¹
547 3087 687 3156 nimium
707 3100 849 3178 amantes
869 3088 947 3169 mei,
970 3093 1139 3158 temerario
1160 3091 1320 3174 editionis

311 3305 851 3368 ·ttecom.ntans.tndoquemtam
924 3305 1156 3371 tuentum.
1231 3321 1320 3365 em.
1428 3337 1429 3358 1

278 3371 423 3424 &ffldutG-
488 3371 749 3434 ”stuli-aldium
813 3373 1273 3442 ¹termcnemperbiuuumhabtnm
1285 3382 1319 3430 G.

279 3436 337 3500 quod
351 3435 515 3486 inclinatam
530 3437 644 3484 inventum
657 3447 748 3500 propter
763 3437 911 3498 repetitionem
927 3435 1000 3486 litem
1016 3441 1134 3505 mugientir
1151 3443 1245 3492 damnat
1256 3444 1321 3494 Bur·

280 3517 380 3550 mannus.
445 3499 458 3532 Β
477 3509 586 3564 poterant
597 3499 629 3548 G.
644 3509 771 3564 potuerant
782 3502 813 3551 al.
879 3503 888 3533 l
904 3503 1017 3552 vellens.

317 3712 346 3759 4.
350 3695 474 3768 simmam
484 3694 540 3748 inde
549 3693 701 3764 eloquentia]
715 3691 773 3748 Elo-
819 3711 893 3749 nemt
920 3699 1085 3767 nequeenim
1106 3718 1121 3752 a
1142 3691 1250 3765 dicendi,
1270 3703 1341 3759 hoc'
1427 3683 1428 3722 t

282 3767 384 3834 quentia
395 3767 427 3816 ab
435 3766 506 3817 Aldo
514 3777 642 3834 acceptum
651 3766 703 3830 jam
715 3783 771 3836 pro·
820 3765 853 3818 est
866 3767 952 3818 orandi
969 3769 1080 3836 publice,
1093 3771 1265 3836 incunabulis,
1278 3776 1318 3828 sed

284 3835 361 3885 babar
373 3835 532 3886 Gronovius:
550 3843 611 3884 'cnm
623 3835 703 3901 igitur
712 3849 772 3886 auc·
820 3849 840 3888 a
846 3836 936 3905 primis
946 3837 1049 3906 de'frendi
1065 3839 1216 3892 rudimentis
1235 3845 1318 3915 auspi-

283 3905 406 3962 toritates‚
419 3919 482 3972 quas
499 3902 607 3964 laudavi,
622 3903 772 3964 accederent,
821 3917 891 3956 catur
901 3906 1008 3958 Fabius.
1029 3909 1064 3959 Et
1075 3909 1175 3960 ridetur
1187 3911 1240 3980 ipse
1253 3913 1319 3966 Bur-

284 3987 335 4025 mn
355 3971 470 4026 dubitaui
491 3971 619 4026 tantillum
640 3989 655 4024 a
676 3981 774 4042 recepta
822 3991 926 4028 mannus
949 3976 997 4029 hoc
1015 3977 1135 4046 pmbalse.
1152 3979 1214 4032 licet
1237 4001 1321 4052 nperae
1426 3985 1427 4026 i

285 4039 389 4095 lettione
409 4041 539 4094 discedere.
573 4041 716 4110 Eloquentia
739 4042 773 4096 est
822 4043 944 4098 obsecutae
960 4061 1011 4100 non
1028 4046 1090 4112 fintq
1109 4050 1178 4118 qnod
1197 4053 1320 4104 exadno-

279 4111 378 4182 sum
398 4128 496 4172 manus,
518 4111 552 4163 elt
573 4109 696 4178 Colophon,
715 4127 774 4180 quae
821 4115 916 4166 tatione
938 4125 993 4170 turn
1014 4127 1132 4171 contexto
1154 4120 1232 4172 Fabii
1262 4121 1322 4176 snb·

287 4180 376 4244 alanna
387 4179 486 4234 amdan
497 4179 593 4232 aeribus
605 4179 718 4248 reliquis.
819 4181 961 4247 inlutum
978 4186 1100 4252 quentin
1118 4186 1258 4244 Addeudis
1277 4210 1321 4262 pc

323 4255 349 4306 ⁶.
366 4249 484 4324 adscendi]
500 4247 776 4324 Pmtulihaneletlic-
822 4252 1002 4323 tuiqappnet.
1425 4247 1426 4264 ¹
