3000 4908
1 520 8 573 t

345 413 352 420 -
424 383 593 446 rusum.
617 377 824 444 ortator.
846 382 929 442 tta.
949 381 1003 443 tv.
1020 395 1048 460 5,
1081 355 1089 366 ’
1195 391 1252 466 nn

223 543 314 633 nujus
336 557 444 612 tamen
468 547 665 627 divisionem,
688 547 722 611 in
748 545 780 610 di
807 544 868 610 itos
891 543 1067 624 dtdnttam,
1088 561 1252 610 nonnumv

221 653 320 716 quam
332 633 449 698 Cicero
470 633 583 698 leviter
603 633 715 698 eludit.
794 653 845 695 am
867 631 911 694 est
934 629 1031 694 suus'
1051 640 1085 694 et
1107 628 1141 692 in
1160 627 1252 715 gestu

220 718 351 798 modus,
367 733 400 783 et
413 718 562 784 etitanda
575 717 715 782 maxime
729 715 856 781 concisa
870 715 1007 779 nimium
1023 725 1058 780 et
1070 713 1159 780 velut
1172 711 1251 784 arti,-

133 847 136 854 ,
167 797 207 870 25
221 799 327 874 culosa
346 803 485 889 partitio.
530 805 618 868 Nam
631 816 665 867 et
679 800 860 866 auttoritati
881 798 1056 887 plurimum
1077 797 1252 865 detrahunt

219 884 347 952 minuta
366 888 433 968 illa,
449 905 509 953 nee
541 910 593 952 am
606 889 762 964 membra,
777 885 831 950 sed
844 885 958 950 frusta:
980 898 1014 949 et
1028 883 1125 972 hujus
1140 876 1252 970 gloria

218 971 342 1058 cupidi,
357 997 423 1061 quo
438 911 586 1038 subtilius
601 985 636 1037 et
648 970 802 1060 copiosius
814 969 943 1035 divitffe
958 969 1136 1048 videantur,
1153 982 1185 1033 et
1199 969 1251 1032 su·

217 1077 376 1142 pervacua
388 1057 558 1137 assumunt,
570 1070 614 1139 et,
629 1080 702 1146 quae
717 1069 828 1120 natura
842 1053 1011 1142 singularia
1023 1053 1107 1134 sunt,
1123 1054 1228 1118 secant
1238 1076 1263 1134 ξ,-

218 1155 359 1206 nectam
382 1143 475 1230 plura
494 1142 627 1222 faciunt,
642 1164 739 1230 quam
760 1141 905 1204 minora:
929 1137 1046 1203 deinde
1066 1161 1141 1203 curn
1163 1137 1250 1206 sece-

217 1239 294 1290 ruut
314 1228 405 1292 misle
422 1228 606 1316 particulas,
622 1229 654 1292 in
676 1225 820 1292 eamdem
843 1223 991 1290 incidunt
1009 1223 1248 1303 obscuritatem,

164 1301 329 1376 26contra
345 1335 442 1400 quam
461 1312 593 1402 partitio
611 1313 741 1376 inventa
758 1311 812 1376 est.
855 1308 965 1375 Divisa
978 1321 1011 1374 et
1025 1307 1153 1396 simplex
1174 1330 1249 1394 pro·
1293 1345 1294 1353 κ

217 1396 342 1482 positio,
361 1399 489 1485 quoties
504 1395 631 1462 utiliter
651 1395 761 1462 haberi
783 1396 894 1482 potest,
909 1393 1048 1481 primum
1069 1393 1129 1458 etse
1154 1392 1252 1458 debet

216 1503 237 1545 a
277 1490 327 1546 rta
348 1495 445 1570 atque
466 1481 584 1561 lucida,
603 1487 688 1566 (uam
711 1479 790 1569 quid
810 1479 848 1542 stt
867 1492 919 1544 tur
941 1479 1002 1558 'us,
1017 1501 1111 1565 quarn
1134 1477 1168 1542 id
1187 1478 1260 1542 essa·

217 1587 238 1628 o
262 1566 389 1632 scutum
409 1567 523 1652 ipsum,
537 1567 624 1654 quod
638 1567 672 1631 in
692 1588 767 1630 eum
782 1563 915 1630 soluma
939 1564 1069 1629 hibetur
1089 1563 1192 1643 usum,
1207 1583 1249 1642 na

218 1651 277 1714 sint
291 1663 397 1716 cetera
410 1652 542 1718 obscura
552 1655 579 1734 i)
598 1665 667 1716 turn
684 1651 799 1729 brevis,
811 1671 871 1715 nec
885 1649 952 1715 ullo
966 1648 1158 1735 supervacuo
1172 1669 1249 1714 ono·

217 1747 285 1801 rata
304 1737 413 1802 verbo.
456 1739 534 1804 Non
556 1737 656 1817 enim,
677 1737 719 1801 de
762 1757 805 1800 uo
826 1735 1010 1814 dicamus¹‚
1032 1733 1096 1815 sed,
1118 1733 1247 1820 dequo

164 1821 203 1892 27
218 1819 335 1887 ditturi
360 1823 466 1903 simus,
490 1822 693 1886 ostendimus.
737 1759 957 1886 gbtinendum
979 1820 1087 1898 etiam,
1105 1841 1145 1885 ne
1166 1818 1249 1907 quid
1285 1885 1291 1894 ,

216 1904 251 1971 in
266 1927 305 1970 ea
317 1906 406 1987 defit,
421 1905 557 1994 nequid
571 1906 710 1995 supersit.
744 1906 889 1992 Superest
900 1917 1007 1992 autem
1023 1905 1064 1967 fic
1078 1904 1155 1984 fere,
1171 1925 1248 1980 cum

216 2003 275 2073 aut
292 1991 326 2056 in
348 1992 466 2079 species
487 1992 653 2079 partimur,
667 1989 754 2079 quod
775 1991 808 2055 in
829 2012 949 2079 genera
969 1989 1077 2076 partiri
1093 1989 1130 2054 stt
1151 1987 1245 2069 satis;
1338 1991 1339 1998 ’

216 2085 281 2154 aut,
295 2099 414 2174 genere
427 2078 537 2164 posito,
552 2077 718 2165 subjicitur
731 2076 859 2164 species,
874 2087 923 2156 ut,
940 2075 1051 2140 Dicam
1070 2075 1106 2139 de
1120 2075 1246 2162 virtute,

204 2160 338 2249 justitia,
352 2161 556 2228 continentia.-
579 2185 652 2228 cum
659 2161 784 2263 justitia
797 2173 892 2248 atque
907 2159 1104 2226 continentia
1119 2160 1246 2230 virtutit

215 2245 275 2311 fint
294 2247 424 2334 species.
471 2249 602 2313 Partitio
622 2267 724 2336 pruna
744 2249 799 2328 est,
814 2245 895 2335 quid
918 2247 965 2326 stt,
981 2245 1022 2310 da
1064 2267 1106 2310 uo
1125 2267 1243 2310 conve-

161 2318 201 2385 28
215 2331 282 2396 niat
294 2355 305 2410 ;
336 2333 425 2420 quid,
448 2332 489 2397 de
532 2355 575 2398 uo
601 2333 795 2418 ambigatur.
840 2333 878 2395 In
900 2353 951 2410 eo,
973 2268 1063 2417 quoii
1082 2331 1245 2419 convenit,

208 2415 293 2502 quid
305 2417 497 2483 adversarius
510 2355 662 2499 iateatur,
677 2416 754 2505 quid
776 2437 855 2482 nos:
873 2415 912 2488 ¹iu
927 2437 979 2496 eo,
994 2414 1035 2480 de
1049 2437 1115 2502 quo
1136 2416 1243 2480 ambi·

211 2501 312 2586 gitur,
340 2503 450 2590 [quaeh
473 2502 589 2568 ditiori
612 2503 731 2587 statua]
780 2525 831 2567 uae
853 2502 964 2566 nostrae
986 2500 1210 2588 propositiones
1222 2503 1242 2580 ¹,

237 2607 288 2650 uae
313 2587 412 2674 partis
432 2586 567 2652 adversae
578 2589 598 2656 ¹.
642 2523 868 2674 Turpitimum
890 2607 965 2652 vero
985 2587 1039 2668 est,
1055 2608 1120 2651 non
1135 2607 1174 2650 eo
1189 2607 1242 2655 otae

196 2607 289 2756 'iine
303 2671 441 2760 exsequi,
456 2695 522 2760 quo
534 2672 675 2760 quidque
688 2671 895 2759 proposueris.

161 2856 166 2866 ’
246 2837 351 2894 ‘certus
361 2845 417 2894 suus
428 2842 588 2892 modoaltus.
679 2837 884 2892 *dicimustent
975 2842 1062 2904 ¹¹quae
1072 2842 1156 2892 dietari
1168 2843 1243 2894 fimus

211 2905 306 3022 {gagga}
308 2917 364 3026 ἔξω
374 2909 498 2968 verborum,
510 2923 565 2970 quae
575 2908 660 2958 nosttae
670 2907 849 2974 propositiones.
904 2904 1095 2973 ipropotitionis
1106 2909 1137 2958 G.
1186 2909 1242 2972 ¹‘di2
1291 2999 1292 3003 Ἰ

247 3122 291 3202 ap.
309 3118 402 3204 Difvt'fiz
413 3128 437 3204 et
445 3119 549 3206 {sophat
556 3118 699 3203 propassio]
749 3121 854 3200 sabina,
865 3117 1076 3242 praeparationem
1091 3131 1121 3172 ut
1134 3121 1237 3202 prppofi.

211 3189 330 3260 Cupitum
342 3190 384 3242 tila
402 3189 525 3248 otmaro
541 3191 701 3246 obscuritatis
748 3191 906 3256 nonuadjun
940 3208 975 3242 tm
992 3190 1126 3252 mactet
1142 3189 1238 3262 ahoqui

210 3257 306 3328 aliquid
328 3259 420 3326 objecit
443 3259 501 3314 huic
524 3260 589 3314 ioco.
634 3261 701 3312 Cum
750 3261 860 3328 capitum
880 3258 949 3314 illam
972 3257 1112 3312 divisorem
1132 3261 1239 3330 ignoret,

208 3327 273 3379 anim
287 3329 441 3400 insuperiori
458 3333 539 3401 capite
554 3331 585 3384 de
597 3329 701 3412 propoſs-
749 3327 876 3399 postquam
892 3328 924 3382 de
938 3341 1046 3399 utraque
1056 3347 1081 3381 re
1091 3329 1240 3400 disputavit,
1354 3353 1355 3357 ¹

207 3395 279 3458 tione,
292 3398 320 3448 in
337 3410 458 3468 quantum
475 3401 593 3452 orationis
606 3400 700 3467 Judici-
748 3415 825 3460 nunc,
838 3416 894 3468 quae
906 3400 1047 3451 communia
1061 3397 1116 3452 sunt
1126 3401 1239 3470 utrique,

208 3465 255 3516 alis
271 3485 329 3536 part
347 3467 388 3528 est,
401 3479 499 3546 agatur,
513 3471 539 3522 in
556 3471 602 3522 hoc
620 3469 650 3521 de
661 3469 699 3520 dt.
748 3467 834 3535 subjun
854 3469 881 3520 it.
919 3469 1024 3543 Qtoties
1041 3471 1049 3522 i
1070 3469 1120 3521 itur
1132 3469 1194 3522 utile
1204 3465 1237 3532 est

207 3531 298 3600 wfione
321 3536 339 3587 s.
357 3536 508 3604 partttione3
524 3556 574 3590 non
593 3541 699 3609 putabat
746 3538 934 3607 proportionem
946 3538 982 3590 vel
994 3487 1126 3610 simpiicem
1138 3539 1237 3606 habere,

207 3604 305 3674 Regius
322 3605 362 3658 hic
378 3621 499 3661 recurrere
512 3609 600 3660 debere
611 3616 699 3677 propo-
745 3606 784 3660 vel
798 3607 912 3668 divisam,
926 3609 996 3677 (quaa
1012 3625 1063 3660 uno
1078 3609 1175 3660 nomine
1191 3625 1236 3658 vo-
1311 3617 1313 3622 “

197 3673 294 3742 litionis
315 3677 473 3740 mentionem,
493 3689 518 3729 et
537 3679 568 3730 de
585 3679 698 3730 emenda.
744 3675 939 3746 caturpartitio)
959 3695 1033 3752 opera
1051 3677 1133 3743 danda
1152 3677 1193 3741 est,
1205 3686 1235 3748 Ψ

206 3744 273 3795 tione
284 3745 420 3815 cogitabat,
433 3763 491 3798 cum
502 3746 552 3828 legi
563 3745 646 3810 vellet,
658 3747 697 3799 di-
745 3745 773 3805 tit
783 3754 873 3818 aperta
884 3746 934 3811 stc.

182 3815 187 3832 ¹
204 3811 277 3884 vnto,
286 3825 314 3868 ut
316 3814 423 3892 staplen
427 3816 551 3898 proposstto
563 3817 612 3879 &a
649 3817 697 3883 Sed
