3022 4920
265 373 304 440 50
499 349 543 421 ns.
565 361 689 422 rnuu
709 358 1060 422 ourncrrnraur

266 533 374 588 tamen
389 545 453 588 non
469 523 531 588 alio
543 525 647 614 magis
662 547 774 613 angor,
790 547 886 622 quam
903 524 990 611 quod
1012 521 1155 611 obliquis
1177 524 1298 592 cafibuu
1340 597 1342 600 ,

266 608 355 674 dotti
371 609 465 674 etiam
483 611 623 694 primasd
648 612 701 676 fibi
717 612 885 697 posrtrones
895 633 964 674 non
987 611 1140 688 invenire,
1155 609 1208 674 sed
1223 634 1298 675 mu-

253 697 332 758 'tare
348 696 556 780 permittunt:
581 709 618 759 ut
632 719 706 762 cum
720 697 793 760 ebur
807 709 841 760 et
855 696 956 776 robur,
973 695 1017 760 ita
1036 696 1123 760 dieta
1144 718 1180 760 ac
1200 695 1297 782 serip-

265 791 322 842 tae
352 780 483 843 summis
511 782 707 858 auetoribus,
736 782 769 844 in
799 805 814 844 o
844 780 968 845 literam
998 780 1144 846 secundae
1168 781 1298 868 syllabae

264 865 469 944 transferunt,
485 867 560 954 quia
574 868 625 930 srtf
638 867 746 932 roboris
760 878 794 930 et
808 866 899 930 eboris
911 866 1041 1016 idsulfu'
1056 879 1161 930 autem
1178 879 1211 930 et
1223 879 1297 949 gut-

265 961 326 1026 tur,
342 977 373 1028 u,
389 949 514 1016 literam
529 952 561 1014 in
577 953 723 1038 genitivo
737 953 880 1036 servent:
909 952 919 1015 i
943 974 1046 1039 eoque
1060 951 1155 1017 etiam
1161 953 1252 1038 jecur
1265 963 1299 1017 et

252 1033 361 1120 samm
375 1040 610 1100 controversum
625 1050 637 1088 ἕ
652 1037 816 1102 fecerunt:
840 1037 928 1122 quod
943 1059 1005 1100 non
1021 1037 1126 1100 minus
1139 1039 1181 1101 est
1196 1037 1296 1101 licen·
1312 1045 1353 1114 23

265 1121 392 1202 tiosum,
408 1145 503 1207 quam
524 1123 542 1185 fi
560 1122 681 1209 falsari
696 1135 729 1186 et
740 1123 861 1210 gutturi
885 1122 1073 1208 subjicerent
1095 1121 1127 1184 in
1152 1123 1298 1209 genitivo

264 1205 387 1272 literam
405 1234 419 1270 ο
435 1207 585 1287 mediam,
602 1209 676 1307 quia
690 1209 765 1272 esset
779 1208 871 1272 eboris
883 1222 917 1271 et
938 1208 1049 1272 roboris
1062 1233 1071 1270 .·
1094 1207 1174 1272 ficut
1186 1209 1296 1273 Anto·

265 1291 342 1356 nius,
365 1293 537 1378 Gniphoh,
565 1317 620 1376 qur
648 1295 738 1358 robur
766 1293 896 1378 quidem
919 1306 951 1356 et
973 1294 1056 1372 ebur,
1079 1306 1175 1379 atque
1197 1294 1297 1358 etiam
1338 1329 1347 1366 -ς

265 1401 399 1442 marmur
413 1379 530 1442 fatetur
544 1380 619 1444 elle:
644 1401 753 1444 verum
771 1377 836 1442 fieri
853 1378 921 1442 vult
935 1401 973 1442 ex
988 1378 1039 1442 his
1055 1379 1176 1456 rubum,
1192 1379 1296 1460 edura,

263 1485 428 1528 murmura.
466 1465 599 1530 Quodn
616 1465 902 1528 animadverterent
915 1463 1076 1528 literarum
1092 1464 1293 1544 affinitatem,
1310 1474 1354 1536 24

264 1547 378 1612 scirent
392 1551 432 1614 src
446 1551 485 1623 ab
507 1572 558 1626 en,
575 1551 661 1636 qnod
677 1552 719 1614 est
740 1551 841 1624 robur,
857 1549 965 1612 roboris
980 1548 1058 1628 fieri,
1075 1549 1239 1634 quomodo
1254 1553 1295 1616 ab

264 1654 314 1712 eu,
328 1636 415 1719 quod
430 1637 472 1698 est
487 1635 581 1712 milet,
593 1635 686 1712 limet,
699 1635 813 1711 millis,
824 1635 941 1714 limitis3
948 1635 1060 1721 judex,
1070 1636 1293 1722 uirrdex,judi-

264 1721 316 1796 cis,
330 1721 478 1796 vindicis3
503 1733 535 1783 et
551 1743 622 1808 quae
638 1722 727 1806 supra
742 1719 810 1804 jam
826 1719 930 1806 attigi.
963 1720 1073 1786 Quid?
1099 1742 1162 1782 non
1179 1720 1293 1786 snniles
1309 1729 1349 1794 25

264 1827 394 1889 quoque
413 1813 462 1890 (ut
476 1807 635 1884 dicebam)
655 1806 834 1891 posrtiones,
851 1805 884 1867 in
900 1804 997 1890 longe
1019 1805 1152 1868 diversas
1177 1805 1299 1892 figuras,
1343 1849 1345 1854 .

262 1909 319 1973 per
340 1890 488 1976 obliquos
511 1891 598 1954 casus
620 1894 761 1954 exeunt?
788 1904 823 1954 ut
837 1891 887 1954 vir
911 1915 937 1967 o,
951 1891 1030 1952 Juno
1043 1915 1051 1968 ;
1064 1889 1167 1976 fusus,
1190 1891 1269 1976 lusus
1281 1918 1291 1972 3

261 1975 367 2062 cuspis,
381 1977 499 2063 puppis,
515 1991 548 2039 et
571 1976 658 2040 mille
672 1977 760 2040 alia?
786 1996 860 2038 eum
883 1914 964 2038 illud
986 1975 1081 2038 etiam
1104 1976 1239 2054 aecidat,
1255 1991 1294 2042 ut

262 2061 410 2143 quaedarn
427 2061 586 2146 pluraliter
602 2084 665 2124 non
682 2061 839 2140 dicantur,
856 2059 1003 2145 quaedam
1019 2073 1128 2124 contra
1143 2061 1293 2148 fingulari
1340 2111 1342 2116 .

175 2169 176 2172 ¹
263 2166 415 2224 numero;
432 2147 576 2231 quaedam
592 2147 711 2210 cafibus
722 2159 859 2222 careant,
872 2145 1020 2230 quaedam
1037 2145 1175 2230 aprimis
1190 2148 1290 2213 statim

262 2231 468 2314 pofitionibus
479 2244 547 2294 tota
562 2245 737 2310 mutentur,
752 2245 789 2294 ut
801 2229 947 2316 Jupiteri.
965 2230 1063 2294 Quod
1078 2232 1181 2294 verbis
1194 2233 1289 2295 etiam
1306 2223 1350 2288 26

260 2315 390 2396 accidit,
401 2317 521 2402 utfero,
537 2317 634 2400 (tull)
651 2317 742 2402 enjus
754 2315 950 2400 praeteritum
960 2315 1149 2462 perfodiunt,
1163 2330 1194 2380 et
1205 2317 1291 2381 ulte-

259 2399 326 2464 rius
342 2424 404 2464 non
426 2401 596 2466 invehitur.
640 2403 711 2465 Nec
731 2401 903 2488 plurimum
925 2423 959 2463 re
972 2413 1031 2480 ert,
1049 2401 1138 2464 nulla
1152 2401 1233 2478 haec,
1249 2423 1291 2466 an

260 2485 424 2570 praeduram
440 2487 510 2550 lint.
527 2489 612 2550 Nam
628 2487 707 2572 quid
717 2487 871 2574 progenies
885 2485 1029 2572 genitivo
1043 2486 1200 2572 fingulari,
1211 2488 1291 2572 quid

245 2593 247 2598 ’
260 2570 373 2657 plurali
375 2573 466 2670 spesn
483 2572 597 2636 faciet?
618 2572 791 2636 Quomodo
800 2585 906 2634 autem
919 2571 1001 2657 quire
1015 2583 1049 2634 et
1062 2584 1176 2649 ruere⁰,
1191 2573 1240 2635 vel
1255 2573 1289 2636 in

258 2670 419 2740 praetenta
428 2657 568 2744 patiendi
581 2658 687 2736 modo,
699 2657 749 2720 vel
760 2657 791 2719 in
803 2656 1170 2742 participiatranfibunt?
1200 2657 1290 2724 Quid
1304 2665 1344 2732 27

259 2741 300 2804 de
315 2742 384 2806 aliis
401 2744 518 2819 dicam,
535 2741 1018 2892 cunrsenatusseuatusgerrutui,
1035 2765 1074 2804 an
1093 2745 1288 2840 sirruturse-

259 2828 325 2889 nuti
337 2829 444 2914 senato
459 2829 564 2906 faciat,
593 2842 748 2891 mcertum
776 2827 834 2890 srt?
906 2848 980 2890 nare
1006 2827 1088 2890 mihi
1112 2850 1176 2890 non
1198 2851 1287 2893 mve-

260 2913 346 2976 nulle
361 2913 425 2976 dici
442 2913 576 2992 videtur,
591 2914 678 2976 aliud
693 2913 753 2976 else
768 2913 888 2990 Latine,
905 2911 990 2975 aliud
1015 2913 1214 2976 Grammatire
1236 2914 1287 2980 lo-

167 3051 170 3058 .
236 2997 328 3081 .qui.
372 2999 754 3085 Acadeanalogiavela
775 2999 921 3061 nimium.
966 2997 1189 3086 ‘Etymologira
1214 3023 1287 3084 quae
1303 2990 1344 3056 28

236 3067 241 3142 l
258 3084 425 3146 verborum
443 3083 599 3170 originem
622 3083 796 3168 inquirit,a
818 3083 975 3146 Cicerone
990 3082 1076 3147 diua
1098 3087 1140 3150 eli
1166 3085 1287 3163 notario,

257 3167 333 3252 quia
345 3190 460 3232 nornen
472 3169 541 3258 ejus
551 3167 633 3253 apud
652 3168 850 3231 Aristotelem
863 3166 1022 3230 invenitur
1031 3167 1184 3252 σύμξολον,
1199 3171 1289 3253 quod

258 3255 299 3314 eli
314 3265 406 3316 uota:
435 3277 508 3318 nam
524 3255 645 3317 verbum
661 3253 779 3316 averbo
795 3253 939 3327 dudum,
955 3251 988 3314 id
1012 3253 1053 3314 est
1078 3253 1287 3341 veriloquium,

258 3337 322 3424 ipse
340 3339 464 3416 Cicer0‚
481 3340 536 3426 qui
552 3339 655 3418 finxit,
672 3328 867 3464 reeforIniidat.
912 3338 1007 3414 Sunt,
1023 3336 1078 3422 qui
1093 3336 1157 3399 vim
1179 3341 1295 3424 potius·

252 3429 256 3438 ¹
717 3424 758 3466 ad
780 3432 820 3468 on
880 3435 894 3461 u

292 3494 424 3556 dprimam
437 3493 479 3540 srbl
497 3491 638 3554 positionem
650 3490 681 3536 G.
693 3488 755 3535 lens.
805 3488 911 3551 ‘iniust
923 3485 1029 3534 utens.
1077 3484 1131 3534 fsrc
1143 3487 1174 3536 G.
1225 3491 1290 3538 ⁸Sic

257 3559 321 3605 Jens.
339 3558 522 3605 controverliam
540 3555 572 3602 al.
638 3559 648 3584 ¹¹
669 3555 760 3614 Gripho
778 3553 808 3600 G.
823 3551 867 3612 sed
883 3552 932 3598 vid.
946 3551 1047 3598 Macrob.
1059 3551 1109 3598 Sar.
1124 3568 1147 3611 3,
1162 3567 1198 3600 rz.
1218 3553 1289 3603 Sucro.

258 3623 433 3670 deGramm.c.
451 3635 473 3682 7.
490 3620 589 3667 laudatos
604 3621 733 3664 Burmanno.
799 3616 933 3678 iluppiter
943 3617 974 3662 G.
986 3616 1049 3664 lens.
1114 3617 1205 3677 1[tuli]
1224 3621 1289 3667 vide.

157 3729 162 3733 .
259 3686 373 3752 rurgloffii
385 3687 432 3752 effe.
497 3695 519 3722 m
537 3684 648 3746 praediela
659 3685 689 3729 G.
707 3681 770 3729 tens.
835 3701 849 3727 n
866 3681 1031 3742 speciesJens.
1097 3681 1160 3728 οἰκ
1175 3683 1206 3730 G.
1224 3686 1288 3734 lens.

258 3754 350 3800 rHac
363 3753 393 3800 G.
459 3767 529 3812 qam.
543 3751 573 3796 G.
638 3748 710 3794 ‘Hic
721 3763 801 3794 novum
812 3756 878 3808 caput
887 3746 973 3792 orditur
983 3746 1015 3792 G.
1067 3777 1069 3782 ,

295 3883 339 3928 24.
349 3863 444 3935 supra]
464 3863 539 3923 Puto,
554 3881 577 3923 r,
591 3878 617 3924 4,
633 3877 676 3924 ¹3·
796 3858 896 3926 quidem
910 3876 952 3928 per
969 3857 1108 3928 analogiam
1130 3860 1237 3931 polluat,
1250 3863 1289 3916 sed

295 3937 338 3986 26.
356 3934 425 4004 quire
434 3942 458 3982 et
474 3931 558 3994 ruere]
573 3931 613 3982 Ita
626 3928 746 3998 intelligo,
790 3930 910 3996 praedura
920 3931 991 3998 sunt,
1008 3937 1075 3997 quod
1094 3943 1181 3996 parum
1199 3931 1289 3996 referre

259 3996 337 4076 Qire
357 4020 405 4054 non
425 4001 498 4053 hahet
511 4001 671 4069 participium
684 4016 747 4068 prae-
796 4001 831 4049 ait
840 3999 933 4050 Fabius
946 4001 1025 4058 abeo,
1038 3995 1106 4049 srsrnt
1117 3999 1196 4052 nulla.
1210 4003 1289 4066 Ruta,

257 4075 329 4126 sentis
351 4072 468 4140 temporis
485 4070 580 4140 quiens:
609 4086 681 4120 ruere
698 4086 747 4120 non
794 4068 855 4136 casa
867 4085 899 4119 an
918 4068 1013 4119 obverti
1034 4067 1131 4137 poffint,
1149 4087 1198 4120 non
1218 4073 1289 4124 dixe·

256 4145 331 4196 habet
353 4141 504 4211 praeteritum
528 4139 644 4210 puffivum
667 4136 748 4190 ruitur
794 4139 842 4188 rim
855 4159 862 4187 r
877 4150 955 4208 ¹certe
975 4146 1046 4193 rurus
1065 4138 1096 4206 est
1115 4155 1237 4204 acervus,
1251 4141 1296 4206 vel,

258 4214 296 4266 rel
319 4223 389 4264 rurus
404 4213 471 4282 sum·
513 4213 575 4263 Haec
599 4210 658 4260 talia
681 4207 746 4260 fletti
795 4205 870 4260 fimile
882 4207 953 4276 quid,
967 4207 1108 4258 inauditum
1121 4211 1240 4282 arbitr-nr.
1278 4267 1285 4278 ¹
