3022 4920
426 379 601 447 rnsrrr.
622 379 827 446 camon.
851 380 997 448 mun.
1017 379 1064 448 a.
1220 389 1283 466 ip

219 545 348 636 'aopere
363 548 592 638 digniffimum.
637 551 699 615 His
726 573 788 638 ego
812 552 1041 638 comparandos
1059 543 1213 632 existimo,
1227 545 1288 639 qni

253 635 286 699 in
309 636 608 718 declamationibus,
630 656 710 723 quas
732 638 792 714 esse
814 639 939 702 veritati
962 638 1204 702 diflimillimas⁰
1230 657 1285 704 vo-

251 720 336 800 lunt,
353 735 479 786 aetatem
503 723 607 804 multo
622 721 774 787 studiosae
796 723 904 787 labore
918 726 1119 788 consumunt.
1163 725 1287 788 Verum

252 806 337 886 haec,
353 830 451 894 quarn
465 808 627 872 instituere
641 825 807 889 conamur,
822 822 856 871 et
874 809 966 895 cujus
981 810 1156 896 imaginem·
1177 810 1287 874 animo

128 966 133 976 ,
253 894 473 980 concepimus,
500 917 573 980 quae
597 895 682 958 bono
704 893 772 956 viro
796 896 954 971 convenit,
981 915 1120 980 quaeque
1145 897 1188 959 est
1216 912 1287 964 vera

219 978 424 1058 §rhetorica
440 979 540 1042 virtus
555 980 626 1044 erit.
672 980 771 1044 Quod
795 980 999 1066 philosophit
1022 981 1152 1066 quidem
1175 981 1288 1046 multis

253 1077 288 1128 et
312 1065 415 1129 acutis
430 1064 685 1130 conclusionibus
705 1064 883 1150 colliguntt
907 1065 987 1128 mihi
1004 1088 1077 1130 uero
1098 1066 1194 1129 etiam
1216 1067 1285 1152 pla-

254 1149 342 1213 niore
358 1149 429 1229 hac,
445 1151 634 1236 proprieque
655 1149 757 1214 nostra
780 1151 966 1236 probatione
982 1151 1107 1240 videtur
1130 1151 1190 1216 esse
1212 1175 1286 1238 per-¹

252 1234 411 1320 spicuum.
455 1235 509 1312 Ab
531 1235 621 1299 illisq
645 1236 715 1300 haec
737 1235 900 1300 dicuntur.
944 1237 978 1300 Si
997 1239 1166 1300 consonare
1181 1239 1237 1300 fibi
1253 1239 1287 1302 in

253 1319 407 1386 faciendis
422 1343 460 1384 ac
476 1342 538 1384 nou
555 1316 719 1396 faciendis,
736 1321 861 1385 virtutis
876 1323 930 1400 cst,
948 1345 1020 1408 quae
1042 1345 1113 1408 pars
1127 1322 1197 1406 ejus
1207 1337 1286 1410 pru-

255 1406 357 1470 dentia
375 1419 517 1484 vocatur,
537 1407 647 1471 eadem
671 1407 704 1469 in
727 1405 871 1470 dicendis
898 1427 935 1471 ac
958 1429 1021 1470 non
1048 1407 1190 1472 dicendis
1214 1409 1286 1474 erin

222 1487 243 1550 6
256 1493 298 1554 Et
311 1491 332 1555 sr
348 1491 480 1556 virtutes
495 1491 577 1569 sunt,
594 1493 634 1556 ad
648 1511 727 1578 quas
747 1493 839 1556 nobis
855 1493 964 1570 ctiam,
981 1505 1054 1556 ante
1068 1513 1165 1580 quarn
1189 1493 1287 1560 docess

254 1598 373 1654 remur,
389 1577 480 1641 initia
501 1575 647 1664 quaedam
670 1599 708 1641 ac
727 1576 845 1640 semina
865 1579 937 1640 sunt
958 1579 1099 1644 concessa
1114 1594 1234 1658 natura,
1250 1589 1288 1646 ut

256 1661 470 1749 adjustitiam,
483 1662 574 1748 cujus
588 1662 709 1726 rusticis
724 1683 855 1749 quoque
869 1685 906 1726 ac
922 1664 1060 1728 barbaris
1076 1677 1207 1752 apparet
1225 1665 1287 1728 ali-

280 1770 321 1811 ua
341 1747 471 1835 imagoe
496 1771 555 1812 nos
571 1761 657 1812 certe
678 1748 718 1812 fic
740 1747 800 1810 efl'e
814 1749 854 1812 ab
872 1747 963 1812 initio
985 1748 1149 1830 formatos,
1164 1762 1201 1814 ut
1214 1751 1286 1836 poss

254 1770 358 1896 femus
374 1853 461 1897 orare
475 1855 532 1920 pro
547 1833 651 1910 bonis,
667 1833 764 1897 etiam
781 1833 800 1894 si
818 1857 880 1898 non
896 1834 1045 1918 perfecie,
1061 1848 1168 1899 tamen
1185 1837 1301 1901 urin-2

200 1957 205 1966 ·
256 1918 353 1983 essent
368 1917 514 2004 quaedam
535 1918 678 2004 (ut'dixi)
690 1918 809 1982 semina
823 1906 891 2006 &jus
905 1919 1075 1995 facultatis,
1087 1915 1286 1999 nranifestum

223 2017 241 2082 7
254 2005 309 2069 est.
354 2005 431 2067 Non
445 2004 558 2068 eadem
573 2019 679 2068 autem
701 2004 753 2068 bis
772 2017 886 2068 natura
899 2005 1020 2068 artibus
1035 2006 1088 2084 est,
1102 2029 1172 2090 quae
1188 2030 1206 2070 a
1222 2007 1286 2070 virt

255 2103 326 2154 tute
340 2089 414 2152 funt
428 2103 571 2153 remotae.
617 2091 730 2175 ltaque
745 2111 819 2154 cum
839 2089 905 2153 duo
920 2091 977 2152 sint
991 2107 1108 2176 genera
1122 2092 1286 2172 orationiS,

254 2175 354 2238 altera
369 2189 525 2272 perpetuu,
548 2199 621 2261 quae
644 2175 786 2238 rhetorice
808 2175 936 2252 dicitur,
956 2175 1053 2238 altera
1075 2179 1196 2264 concisa,
1212 2201 1288 2264 quae

255 2260 426 2338 dialectice,
458 2283 539 2346 quas
564 2260 695 2346 quidem
721 2263 811 2324 Zeno
837 2261 916 2324 adeo
938 2261 1116 2347 conjunxit,
1141 2277 1178 2327 ut
1203 2262 1288 2328 bane

256 2345 436 2432 compressae
461 2346 494 2414 in
517 2367 661 2431 pugnum
684 2369 810 2424 manus,
826 2345 912 2410 illam
928 2347 1083 2431 explicitae
1104 2348 1226 2416 diceret
1247 2349 1286 2424 fi-

255 2431 388 2496 milcm:
412 2431 510 2496 etiam
533 2430 718 2518 disputatrix
740 2431 838 2496 virtus
857 2431 936 2497 erit:
955 2429 1040 2496 'adeo
1062 2431 1103 2498 dc
1124 2433 1197 2514 hac,
1212 2455 1286 2522 qua

471 2637 490 2666 ¹⁹
502 2633 605 2686 dissonas
616 2633 648 2683 G.
712 2639 725 2674 1·
739 2634 782 2696 ipfi
792 2635 856 2684 Jcns.
920 2645 933 2684 t
948 2635 987 2684 his
998 2635 1061 2711 qus.

294 2852 319 2899 ς.
338 2831 557 2906 Qodpbilofirpbi]
578 2833 616 2887 De
629 2833 745 2904 priorelr.
796 2833 813 2884 fi
833 2834 859 2886 in
887 2832 1049 2886 scholasticam
1072 2833 1154 2901 magis
1176 2830 1286 2886 formant

256 2921 280 2956 c.
294 2905 324 2956 de
336 2908 416 2958 acutis
428 2905 623 2956 conclusionibus
641 2903 746 2973 philoso-
796 2919 849 2954 eam
866 2903 1025 2972 redigamus:
1046 2905 1158 2954 Virtutes
1177 2903 1232 2961 sunt
1250 2905 1286 2957 illi

258 2974 363 3042 phorum
375 2975 459 3046 agits.
475 2993 499 3040 5,
513 2979 539 3036 6,
550 2987 575 3026 et
589 2992 615 3037 7.
642 2975 681 3026 De
692 2991 747 3026 ora·
797 2973 908 3033 babitus,
939 2987 1045 3041 quorum
1071 2974 1143 3024 initia
1172 2974 1288 3042 quedam

163 3071 165 3077 ·
258 3047 322 3096 toria
334 3047 478 3114 probatione
490 3045 508 3096 s.
522 3049 548 3096 8.
563 3045 598 3110 sq.
797 3043 852 3094 sunt
864 3061 878 3093 a
889 3053 992 3094 natura:
1012 3045 1082 3110 atqui
1094 3042 1152 3096 talis
1163 3043 1195 3094 est
1205 3044 1287 3098 rhetos

292 3129 320 3177 7.
337 3132 399 3184 quas
408 3116 503 3184 quidem
516 3115 591 3179 Zeno]
605 3112 689 3164 Etiam
702 3112 748 3164 Ci.
796 3114 863 3166 rica:
883 3125 1025 3164 nouantem
1044 3113 1090 3163 hoc
1102 3113 1153 3164 dici
1171 3113 1247 3184 potest
1257 3116 1287 3165 de

258 3200 314 3234 cero
331 3187 453 3246 meminit,
465 3197 493 3236 ut
505 3185 588 3238 defin.
603 3203 629 3245 2,
642 3185 668 3234 6.
682 3184 708 3234 in
720 3201 746 3232 o·
798 3181 870 3242 malis
889 3183 1003 3248 artibus;
1022 3200 1079 3232 cum
1093 3183 1157 3234 mala
1171 3182 1216 3234 sint
1229 3201 1288 3238 con·

258 3265 306 3304 rat.
317 3270 361 3317 323
377 3256 421 3306 ubi
433 3257 507 3306 etiam
520 3253 580 3306 illud
594 3250 748 3305 Aristotelea
798 3265 836 3303 tra
847 3263 970 3303 naturam.
1007 3255 1047 3304 Ex
1059 3254 1141 3304 eadem
1154 3253 1225 3304 causa
1241 3257 1287 3304 cti.

258 3321 387 3374 rhetoricae
404 3325 504 3376 initium
521 3323 603 3383 refert,
618 3321 685 3374 illam
703 3339 748 3372 ar·
799 3340 839 3374 am
855 3321 994 3381 dialectica,
1009 3335 1115 3390 cognata
1133 3323 1175 3374 illa
1192 3336 1216 3372 et
1228 3323 1288 3372 dart.

259 3400 307 3440 tem
324 3393 390 3455 quast
409 3411 442 3444 ex
462 3393 544 3445 altera
560 3401 635 3460 parte
653 3394 749 3463 raspon-
799 3406 873 3456 rfoooc
889 3391 1045 3460 eloquentiae,
1063 3395 1142 3444 virtus
1160 3394 1224 3456 erit,
1243 3409 1289 3442 cu-

259 3461 317 3512 dere
330 3461 461 3526 (ἐντίςςοφον
472 3463 534 3528 εῖναι)
547 3461 686 3514 dialectice.
714 3463 749 3512 Et
795 3459 838 3523 jus
849 3462 965 3513 nimirum
978 3475 1002 3512 et
1011 3461 1083 3529 ipfius
1094 3463 1165 3514 initia
1173 3462 1289 3530 quaedam

260 3529 299 3583 his
312 3529 398 3581 similia
409 3531 470 3580 dicit
488 3531 580 3584 Partit.
594 3549 637 3596 23.
674 3531 747 3584 Add.
798 3546 814 3580 a
826 3541 913 3580 natura
927 3530 1081 3583 habeamusz
1103 3542 1177 3598 atquc
1189 3531 1288 3589 adeun

259 3599 327 3651 Sext.
341 3599 438 3668 Empir.
451 3599 506 3650 adv.
522 3602 708 3653 Grammaticos
719 3601 747 3652 ii.
797 3599 925 3652 dialeclica
942 3601 1020 3652 virtus
1039 3601 1079 3661 est,
1097 3600 1176 3654 multo
1195 3602 1288 3656 certius

261 3687 287 3733 7.
306 3671 352 3722 ubi
363 3681 417 3721 tum
429 3668 482 3720 haec
499 3669 683 3726 humanissimus
701 3673 749 3722 Fa·
798 3669 830 3720 de
846 3670 976 3730 rhetorica,
988 3688 1045 3738 quac
1058 3669 1181 3739 speciosior
1198 3671 1288 3739 aperti·

257 3740 363 3800 bricius,
382 3749 435 3790 tum
454 3738 515 3790 illud
535 3741 620 3800 etiam,
635 3741 702 3810 quod
720 3755 751 3790 ex
799 3756 876 3807 osque
887 3739 929 3801 est,
942 3739 1195 3795 illudadfirmabitur.
1214 3739 1287 3792 Add.

260 3811 370 3862 Varrone
382 3809 448 3870 idem
458 3822 541 3862 narrat
555 3810 662 3864 Isidorus
675 3811 749 3880 Orig.
800 3827 827 3868 2,
851 3827 895 3869 21,
921 3828 963 3872 13.
1012 3811 1086 3880 Qud
1109 3821 1192 3860 autem
1215 3820 1289 3876 putat

260 3897 286 3941 2,
301 3898 344 3944 23.
800 3880 947 3938 Turnebus,
969 3879 1087 3931 adversari
1108 3877 1153 3930 srbi
1171 3878 1288 3940 Fabium,

296 3968 320 4012 7.
338 3947 414 4000 etiam
430 3949 592 4019 disputatrix]
618 3947 751 4000 Adhaeres-
800 3951 844 4016 qui
856 3948 995 4006 Oratriccm
1007 3949 1088 4000 vocari
1097 3949 1233 4000 rhetoricen
1246 3966 1291 4000 no·

260 4035 312 4070 cere
329 4018 369 4074 hic
388 4018 463 4070 solent
481 4019 528 4072 viri
545 4019 622 4070 dosii.
659 4018 751 4070 Videa·
800 4017 873 4084 luerit
886 4036 912 4079 2,
927 4035 969 4080 14,
983 4037 996 4068 2
1010 4041 1016 4082 i
1036 4036 1086 4087 qua
1103 4019 1177 4086 culpa
1190 4032 1220 4068 ut
1232 4031 1289 4072 eunt

259 4104 317 4142 mus
337 4105 369 4144 aa
390 4090 573 4158 argumentatio
583 4087 752 4156 'aliquantum
801 4085 924 4148 liberaret,
941 4088 1067 4148 Gallaeus,
1082 4089 1225 4142 Burmauno
1244 4090 1292 4140 tes·

260 4156 385 4208 obsc'urior
395 4170 420 4209 et
432 4161 537 4226 acutior,
551 4159 619 4226 quod
656 4158 752 4222 raedixit
801 4169 836 4217 te,
849 4157 959 4210 censebat
971 4158 1047 4210 abell'e
1055 4158 1142 4208 debere
1152 4153 1296 4210 totumhocf

173 4297 179 4306 ἱ
260 4225 365 4288 Fabius,
376 4226 482 4282 lucidior
498 4227 584 4300 paullo
602 4177 672 4305 pofsrt
690 4227 751 4290 fieri,
800 4227 1037 4296 ctimadijputatrix
1048 4227 1290 4305 (vormerio-adcor
