3024 4912
323 925 397 1020 M.
425 923 614 1020 FABII
650 921 1195 1020 QUINCTILIANI

735 1190 783 1235 DE

366 1369 811 1478 rnsrrr'nrronn·
841 1387 1152 1480 oRnToRm

572 1650 711 1712 cmm
735 1633 947 1722 renerus

242 1887 488 2012 Qnomnnr
509 1933 542 1999 n
564 1934 648 2000 nno
665 1933 808 2001 recurro
828 1933 995 2023 quaertum
1017 1936 1072 2016 er,
1116 1936 1174 2003 un
1198 1938 1273 2004 eret
1360 1983 1370 2004 .

240 2019 405 2098 :Rhetorice
420 2033 455 2085 et
468 2023 539 2108 quis
542 2021 623 2107 finis
638 2021 664 2119 ej
670 2044 726 2102 us;
744 2033 837 2086 artem
849 2041 978 2108 quoque
989 2043 1061 2086 eam
1075 1957 1147 2101 ede,
1163 2033 1195 2088 et
1208 2025 1271 2088 uti·

241 2107 309 2183 lem,
333 2117 367 2169 et
389 2106 541 2186 virtutem,
564 2119 602 2170 nt
627 2129 709 2171 vrres
736 2107 848 2170 nostrae
872 2106 1029 2185 tulerunt,
1056 2106 1270 2188 ostendimus3

240 2189 452 2277 materiamque
465 2193 496 2256 ei
510 2213 560 2256 res
574 2212 697 2269 omnes,
710 2191 751 2256 de
764 2191 882 2277 quibus
896 2190 1002 2255 dicere
1014 2205 1185 2278 oporteret,
1196 2193 1273 2260 sub·

234 2275 394 2364 jecimus:
419 2277 489 2363 jam
510 2276 600 2357 hinc,
622 2276 709 2341 unde
736 2275 882 2362 coeperit,
906 2277 1024 2362 quibus
1050 2278 1181 2357 constet,
1205 2299 1272 2365 quo

239 2382 376 2448 quaeque
391 2360 423 2424 in
440 2385 477 2425 ea
490 2361 588 2426 modo
605 2361 905 2448 inveniendamque
920 2361 1085 2426 tristanda
1098 2362 1167 2441 fint,
1180 2362 1273 2434 'exse-

235 2441 245 2532 ]
264 2467 335 2510 nar:
359 2445 441 2514 intra
452 2469 552 2534 quem
566 2443 700 2510 modum
714 2445 858 2532 plerique
871 2445 1035 2532 scriptores
1046 2446 1175 2510 Artium
1191 2469 1270 2512 con-

240 2469 395 2610 diterunt,
410 2531 490 2596 adeo
505 2543 543 2596 ut
556 2531 772 2617 Apollodorus
786 2541 956 2596 contentus
971 2530 1044 2594 solis
1060 2530 1271 2617 judicialibus

164 2667 166 2672 .
208 2613 348 2680 afuerit.
391 2613 463 2680 Nee
484 2618 552 2681 sum
575 2617 716 2702 ignarus,
732 2618 793 2679 hoc
814 2636 901 2679 ame
943 2616 1014 2680 raeci
1038 2638 1090 2695 ue,
1106 2615 1194 2704 quod
1215 2617 1271 2682 hic

239 2699 321 2764 liber
342 2700 486 2785 inchoat,
506 2723 587 2788 opus
614 2701 764 2765 studiosos
785 2700 853 2786 ejus
876 2638 1066 2780 desiderasse,
1080 2714 1118 2764 ut
1140 2700 1270 2787 inquifi-
1305 2693 1316 2718 χ

239 2783 328 2850 tione
352 2785 552 2884 opinionum,
567 2807 640 2872 quae
656 2785 897 2864 diverfiffimaee,
912 2784 1011 2872 longe
1032 2784 1269 2866 difficillimum,

239 2865 285 2932 ita
299 2870 403 2934 nescio
417 2870 606 2946 anminime
619 2870 803 2956 legentibus
819 2868 964 2932 futurum
979 2868 1149 2954 voluptati:
1167 2869 1269 3017 guip-

238 2974 280 3038 pe
293 2953 381 3041 quod
395 2976 494 3042 prope
507 2955 626 3020 nudam
640 2965 879 3040 praeceptorum·
887 2952 1090 3017 traditionem
1104 2951 1165 3018 desr
1189 2968 1269 3020 eret.

203 3055 224 3120 3
240 3039 278 3102 In
294 3040 406 3104 ceteris
420 3041 506 3106 enim
529 3039 699 3106 admiscere
713 3037 907 3104 tentavimus
921 3037 1044 3124 aliquid
1064 3037 1188 3120 nitoris,
1203 3061 1270 3104 non

232 3121 376 3209 jadiandi
397 3125 521 3214 ingenii
540 3125 644 3212 gratia
663 3129 747 3209 (narn
771 3145 812 3188 ue
833 3124 867 3188 in
882 3121 915 3186 id
929 3122 1007 3210 eligi
1027 3123 1160 3187 materia
1174 3137 1268 3212 pote-

237 3219 286 3271 rat
299 3206 439 3290 uberior)
457 3210 511 3276 sed
525 3221 562 3274 ut
575 3207 638 3274 hoc
653 3209 718 3296 ipso
732 3147 930 3272 addiceremus
945 3207 1051 3306 magis
1061 3207 1269 3294 juventutem

236 3292 279 3356 ad
291 3315 330 3358 co
355 3295 510 3360 nitionem
525 3317 649 3374 eorum,
659 3316 731 3380 quae
746 3293 913 3358 necessaria
929 3293 1036 3357 studns
1050 3292 1269 3374 arbitramurb,
1285 3366 1289 3377 f

238 3376 258 3438 fi
273 3377 317 3450 du
351 3379 575 3465 ijucunditate
589 3379 697 3465 aliqua
709 3377 869 3457 sessionis,
882 3377 1035 3441 libentius
1049 3377 1268 3459 disserentes,

235 3481 382 3548 qnorum·
391 3485 431 3528 ne
439 3463 551 3551 jejune
564 3476 659 3550 atque
674 3462 760 3528 arida
774 3462 905 3527 traditio
920 3473 1075 3527 averteret
1088 3463 1223 3543 animos,
1235 3477 1270 3530 et

242 3613 245 3620 ’
290 3647 585 3713 menomenas.
649 3645 1213 3713 rarnrmnammrens.nc.amsemre

274 3826 298 3860 r.
312 3806 381 3861 intra
391 3823 462 3880 quern
470 3809 576 3874 modum]
587 3810 643 3862 Hoc
652 3808 722 3874 rult;
773 3809 901 3862 materiem
917 3809 1038 3862 librorum
1050 3825 1065 3862 a
1076 3807 1149 3860 tertio
1160 3806 1218 3861 inde
1234 3805 1268 3866 ed

236 3876 363 3947 scriptores
382 3881 498 3940 Artium,
516 3877 725 3945 (ermlibeslo-
774 3880 935 3931 undecimum
959 3879 1025 3948 (vid.
1052 3897 1077 3930 1.
1096 3878 1206 3930 Prooem.
1232 3897 1264 3931 21

234 3965 292 3998 rum
300 3948 503 4014 Rhetoricorum)
512 3965 542 3999 ne
555 3948 606 3999 haec
615 3947 726 4016 quidem,
775 3958 800 4000 et
824 3947 882 4015 τι.)
901 3949 968 4009 Hoc,
993 3949 1106 4017 inquam,
1129 3946 1268 4016 significant

234 4033 293 4083 qnae
303 4017 377 4067 modo
388 4018 525 4090 proposuit,
536 4017 661 4070 exsecutos
672 4033 726 4068 om-
775 4018 850 4069 verbs
877 4016 947 4070 intra
971 4016 1033 4070 hunc
1055 4015 1160 4078 modum,
1183 4017 1266 4071 minus

233 4085 287 4145 nia,
304 4087 396 4138 nedum
407 4099 436 4138 ut
448 4105 505 4158 quae
518 4086 566 4157 ipse
584 4084 623 4139 vel
639 4087 727 4157 primic
775 4086 922 4146 undarunt,
933 4103 1007 4154 quam
1016 4085 1124 4168 ergohic
1137 4090 1266 4156 promitto.

233 4152 333 4205 duobus
347 4155 418 4207 libris
430 4157 529 4217 tradet,
541 4156 579 4208 rei
597 4173 654 4225 quae
666 4154 735 4208 ulti-x
776 4155 991 4208 Pluribusostensa
1003 4155 1034 4208 est
1047 4155 1090 4209 riis
1100 4156 1138 4209 rie
1151 4162 1189 4214 rte
1198 4158 1268 4218 intra

233 4231 286 4285 mo,
310 4225 447 4297 tetigerint.
484 4225 619 4298 Proposuit
644 4235 728 4279 autern
756 4223 808 4282 1ιά
820 4223 928 4278 Fabium
940 4241 967 4278 n.
983 4241 1006 4291 3.
1286 4231 1289 4238 ’

831 4310 890 4372 1⁴02
