2870 4916
349 385 524 460 rusrrr.¹
545 399 751 462 onaron.
773 403 856 462 cra.
876 401 904 464 1.·
922 421 951 478 3.
1128 421 1163 464 αι
1204 491 1207 501 ¹

125 560 223 628 facite
237 563 415 651 percipere,
430 575 464 628 et
477 561 613 630 fideliter
626 564 800 644 continere,
838 564 1040 645 Proximum,
1056 564 1164 643 imita-

123 650 171 712 tio
187 675 196 714 :
222 673 300 714 narn
317 649 349 711 id
394 671 501 737 uoque
515 651 558 713 cst
573 650 687 714 docilis
701 663 821 714 naturae
830 676 841 730 3
864 651 904 714 fic
926 664 1047 731 tamen,
1063 665 1100 716 ut
1114 675 1151 717 ea

110 749 201 820 'quie
218 735 327 812 discit,
341 674 482 822 eslingat,
499 757 562 798 non
578 735 723 800 habiturn
739 735 820 799 sorte
834 749 867 800 et
880 730 1030 800 incessum
1047 749 1079 816 ¹¹¹,
1094 752 1128 801 et
1143 697 1165 802 st

91 819 617 920 2quidinpejusnotabi1eest.
662 821 739 884 Non
760 819 849 884 dabit
867 821 948 884 mihi
966 821 1050 907 spem
1069 823 1165 887 bonae
1210 897 1214 905 ἱ

121 904 264 983 indolis,
280 928 338 990 qur
352 904 415 970 hoc
433 904 579 968 imitandi
603 905 706 969 studio
726 917 827 991 petet,
842 919 880 970 ut
903 905 1065 970 rideatur:
1089 929 1165 972 nam

122 991 254 1076 probus
269 1013 336 1076 quo
360 1013 400 1055 ue
414 990 446 1054 in
465 990 574 1076 primis
589 991 650 1054 erit
664 990 718 1053 ille
732 990 1021 1077 vere·ingeniosue.;
1044 992 1166 1078 alioqui

123 1097 197 1138 non
220 1074 314 1160 pejus
335 1012 605 1151 duxerim”.·tardi
621 1075 679 1138 else
692 1075 825 1161 ingenii,
840 1099 937 1162 quarn
955 1076 1043 1142 rnali.
1089 1077 1165 1142 Pro-

90 1163 110 1231 3
124 1159 194 1225 bus
211 1175 322 1224 autem
335 1162 376 1224 ab
392 1159 448 1226 illo
462 1161 549 1246 segni
565 1175 598 1224 et
609 1159 738 1246 jacente
752 1161 927 1246 plurimum
942 1149 1055 1226 alierit.
1099 1163 1166 1228 Hic

123 1266 239 1324 meus,
264 1268 339 1331 quae
361 1245 535 1323 tradentur,
561 1267 625 1310 non
650 1245 821 1310 difficulter
841 1245 994 1334 accipiet:
1018 1247 1166 1334 quaedam

125 1329 232 1394 etiam
247 1329 478 1418 interrogabit:
501 1331 650 1417 sequetur
663 1343 771 1394 tamen
786 1331 902 1418 magis,
916 1353 1012 1418 quam
1027 1353 1166 1427 praeepr-

125 1427 192 1480 ret.
240 1415 329 1478 Illud
342 1416 545 1503 ingeniorum
561 1415 651 1479 velut
671 1431 819 1500 praee0x⁰
836 1437 951 1503 genua,
966 1438 1030 1480 non
1049 1429 1169 1483 temere

91 1506 294 1587 4umquam
318 1501 462 1586 pervenit
480 1501 521 1566 ad
544 1501 681 1588 frugem.
726 1501 772 1564 Hi
794 1500 878 1579 sunt,
895 1502 951 1588 qui
965 1523 1060 1588 parva
1073 1501 1168 1567 facile

128 1585 284 1649 faciunt:
308 1599 342 1650 et
357 1585 491 1652 'audacia
507 1586 659 1672 provecli,
675 1585 831 1672 quidquid
849 1585 940 1650 illic:
955 1587 1092 1672 potsunt,
1109 1589 1168 1652 ste·

128 1671 195 1734 tim
208 1670 392 1737 ostendunt.
437 1670 565 1734 Possunt
579 1683 710 1736 autema
731 1671 764 1734 id
780 1671 922 1750 demum,
937 1671 1023 1758 quod
1044 1671 1078 1736 in
1093 1695 1169 1760 pro-

127 1755 224 1822 ximo
240 1758 305 1820 est:
333 1757 428 1820 verba
449 1756 659 1820 continuant:
683 1755 775 1820 haec‘
796 1757 889 1820 vultu
910 1755 1065 1836 interrito,
1081 1759 1171 1824 nulla

130 1841 256 1904 tardati
275 1842 476 1920 verecundia,
492 1839 678 1928 proferunt:
703 1863 766 1904 non
786 1842 927 1906 multum
967 1842 1102 1921 raestant,
1116 1843 1171 1908 sed

99 1926 225 1996 Scito:
252 1949 316 1990 non
337 1926 436 1992 subest
457 1949 530 1990 vera
550 1926 609 2004 vie,
624 1949 683 1990 nec
705 1925 834 2012 penitus
848 1863 990 1992 immidis
1009 1926 1170 1992 radicibus

132 2011 274 2076 nititur:
302 2031 351 2074 ur
368 2033 439 2098 quae
462 2011 587 2076 summo
600 2011 666 2076 solo
688 2010 786 2096 sparsa
804 2011 876 2076 sunt
889 2011 1020 2090 semina,
1036 2010 1171 2082 celerius

131 2097 165 2162 se
181 2096 376 2161 effundunt:
401 2109 433 2160 et
458 2096 591 2162 imitate
616 2095 715 2182 spicas
736 2095 890 2176 herbulae,
906 2096 1053 2162 inanibus
1074 2097 1172 2162 aristis

134 2194 214 2246 ante
237 2183 366 2245 messem
391 2181 571 2245 flavescunt.
617 2182 745 2248 Placent
767 2181 838 2247 haec
863 2181 953 2247 annis
967 2196 1168 2268 comparata:

101 2258 256 2332 6deiude
271 2267 328 2330 stat
342 2267 512 2352 profectuS,
529 2266 697 2331 admiratio
710 2265 871 2332 decrescit.
914 2268 996 2330 Haec
1011 2290 1085 2332 curn
1102 2267 1171 2332 ani-

135 2351 358 2431 madverterit,
369 2351 550 2438 prospiciat·
562 2351 723 2450 deinceps,
734 2373 872 2438 quonam
883 2351 982 2416 modo
991 2351 1174 2418 tractandus

135 2437 176 2501 fit
191 2436 341 2500 discentis
356 2437 492 2502 animus.
537 2439 620 2502 Sunt
633 2437 776 2521 quidam,
792 2437 847 2501 nifi
861 2437 1021 2516 institeris,
1034 2437 1147 2514 remissi
1160 2462 1169 2503 :
1181 2458 1271 2488 -2-
1322 2439 1325 2448 “

136 2521 272 2608 quidam
288 2521 332 2585 im
358 2522 422 2586 cria
440 2521 689 2608 indignanturt:
713 2521 866 2608 quosdam
889 2523 1033 2587 continet
1053 2536 1170 2602 metus,

137 2605 294 2696 quosdam
347 2607 502 2673 ebilitatz‘
529 2607 609 2672 alios
637 2606 836 2672 continuatio
857 2607 1016 2688 extundit,
1042 2607 1075 2672 in
1101 2608 1172 2673 aliis

177 2825 196 2852 ¹²
216 2823 345 2886 ingressum
357 2823 402 2888 legi
417 2825 470 2873 nult
480 2845 508 2873 en
516 2852 518 2861 .
525 2825 588 2872 libris
602 2835 624 2873 et
634 2826 686 2873 alii:
697 2825 748 2873 locis
759 2825 825 2874 Fabii
836 2827 923 2876 Davit-
930 2824 964 2873 ,ad
974 2824 1047 2874 Cicer.
1058 2823 1083 2872 de
1094 2825 1125 2873 N.
1139 2825 1172 2874 D.

144 2902 220 2954 r‚34.
286 2891 420 2936 ndixerim
432 2892 462 2938 G.
474 2891 538 2938 eral.
603 2902 615 2926 ⁰
632 2905 737 2953 praeceps
753 2892 783 2938 G.
794 2907 842 2939 uim
853 2891 884 2936 al.
949 2890 1010 2937 »illi
1028 2889 1058 2936 G.
1074 2891 1171 2938 lente.

141 2958 175 3006 al.
192 2957 252 3004 illud
265 2955 288 3000 in
299 2955 402 3002 addendis
409 2956 457 3016 post
468 2951 605 3014 Gronovium
616 2956 707 3002 videtur
717 2955 811 3018 probare
820 2955 899 3002 Burni.
910 2953 975 3002 illico
986 2955 1041 3016 coni.
1053 2953 1174 3002 Gebhardr'.

142 3031 258 3070 ttamen
270 3021 300 3067 G.
368 3025 425 3066 'ac
437 3019 467 3066 G.
479 3031 594 3094 urmrnpue
604 3037 645 3066 nen
655 3019 720 3067 male.
785 3019 850 3066 :Sic
869 3020 900 3066 G.
916 3028 938 3065 et
955 3019 1027 3066 MSS.
1047 3019 1079 3066 al.
1098 3020 1172 3082 persp.

142 3087 200 3136 Bur.
267 3092 275 3122 1
291 3085 451 3148 dedignantur
461 3085 492 3132 G.
502 3095 600 3146 aprima
610 3101 690 3146 manu3
701 3094 722 3132 et
733 3083 801 3132 Bodl.
812 3083 924 3150 quodfer:
929 3083 1077 3145 praetulerim.

182 3281 281 3336 nque
296 3259 496 3334 nrntnffingn]
515 3263 573 3314 ne.
594 3237 635 3315 π’-
683 3259 820 3315 tenuatam
850 3261 984 3314 cruenta
1004 3262 1174 3314 maturitatem

142 3335 373 3458 pnmtphexprimsat,
385 3344 414 3384 ut
420 3333 487 3451 pilril
497 3333 593 3384 recedat
604 3333 635 3384 ab
684 3343 765 3452 piamen
777 3279 905 3451 signiicett.
933 3333 979 3386 Sed
991 3329 1174 3400 praecipitantia

157 3422 212 3457 orm
296 3421 346 3454 uar
385 3419 464 3454 raecrr
483 3415 525 3454 ta:
558 3420 582 3454 ν.
628 3437 661 3452 ..
702 3414 924 3455 amnaturmeno.

66 3510 82 3556 ··
144 3476 219 3556 1...
241 3421 486 3592 demitti
703 3467 953 3593 :cartulis
971 3468 1173 3590 territt

53 3653 56 3662 .
144 3557 375 3684 pariiiiiiatloniir
395 3619 420 3661 et
442 3557 638 3678 ‹lualm’cariiurir
685 3557 1174 3688 lise,quiniqutitpiffiiiiilticqostendunti

146 3683 242 3753 periodi
254 3681 370 3746 alicujus,
382 3677 485 3732 ostendit
502 3697 553 3748 quo
569 3679 639 3748 gestu
686 3679 858 3748 Adscripserat
877 3679 968 3748 aliquis
985 3679 1071 3737 rariori
1088 3678 1174 3730 adver-

34 3761 38 3768 '
146 3753 242 3822 aliquid
254 3747 435 3820 agendumst:
454 3766 506 3818 quo
522 3751 579 3820 quis
595 3749 639 3801 ista
687 3749 730 3800 bio
746 3747 848 3831 glossam
855 3747 961 3819 statim:
988 3764 1017 3800 ea
1032 3746 1119 3799 deinde
1136 3745 1174 3798 lo·

146 3821 246 3876 felicius
258 3819 406 3889 adsequetur
421 3829 446 3870 et
463 3817 570 3890 effinget,
583 3829 638 3870 tan-
687 3835 744 3870 cum
755 3817 823 3870 illius
833 3817 977 3888 occupavit,
988 3828 1012 3870 et
1023 3812 1083 3868 fecit
1093 3828 1123 3868 ut
1135 3817 1175 3888 ip·

146 3904 173 3944 to
183 3894 241 3963 plus
253 3889 377 3944 imitando
387 3887 467 3942 valere
482 3887 553 3942 illurn
566 3887 638 3941 intel-
687 3887 814 3940 sumvarie
822 3886 964 3952 jastaretur.

147 3963 264 4034 ligemus.
723 3961 750 4008 6.
785 3954 847 4010 alios
874 3953 1019 4008 continuatio
1048 3954 1174 4024 extundit]

182 4051 206 4098 3.
233 4041 337 4102 precox
360 4025 450 4097 genus]
481 4027 568 4096 Magis
587 4023 639 4079 sere
687 4025 760 4094 Nihil
769 4025 927 4079 mutandum.
948 4023 1009 4078 vid.
1022 4041 1079 4094 quae
1090 4025 1175 4080 Bentl.

144 4101 226 4172 placet
237 4103 357 4160 alterum,
370 4105 485 4166 preceps,
497 4109 526 4148 ut
537 4097 639 4166 propius
687 4099 719 4148 ad
731 4099 795 4148 Hor.
809 4096 861 4148 Sat.
874 4113 901 4158 2,
913 4112 995 4174 2,·14.
1020 4095 1085 4175 illio:
1095 4099 1176 4150 conti-

143 4172 267 4226 referatur
290 4169 322 4222 ad
344 4165 407 4220 illud
420 4173 569 4234 ¹praecurret.
605 4167 641 4218 Et
688 4177 792 4218 nuatum
808 4177 966 4236 praeceptoris
983 4163 1088 4216 studium
1106 4165 1177 4219 deni.

142 4243 197 4298 sane
213 4251 320 4315 praecox
338 4253 390 4290 non
408 4235 441 4290 et
456 4235 483 4290 in
499 4236 570 4308 vitio,
582 4252 641 4290 curn
689 4253 739 4307 que
748 4235 860 4292 extundit
870 4235 897 4289 lr.
910 4253 933 4288 e.
951 4232 1058 4305 perficit,
1069 4251 1098 4288 ae
1117 4235 1177 4308 talea

637 4319 691 4392 03
