3000 4908
218 409 283 485 οδε
452 413 1005 523 morarraurucrromur

216 585 307 652 vire:
328 585 432 674 qualis
447 586 507 652 effe
520 587 554 651 in
577 587 710 654 addidia
730 588 860 676 quaestio
883 589 974 670 solet,
993 589 1054 678 Qui
1064 591 1176 677 servus
1189 582 1238 676 est,

202 671 242 760 st
259 675 498 753 manumittatur,
503 674 549 760 fit
562 675 695 753 libertus,
711 699 768 738 non
790 675 891 738 itidem
904 677 1062 741 reddibus:
1084 685 1117 738 et
1138 676 1237 762 plura,

215 758 258 824 de
285 758 402 845 quibus
431 757 495 822 alio
523 759 607 824 loco.
660 757 745 824 Illud
773 781 902 846 quoque
937 763 1077 861 dpfferens
1111 773 1238 840 vocant,
1251 759 1293 826 61

213 865 329 931 quum,
344 865 462 931 genere
476 841 508 906 in
523 843 640 932 species
660 843 804 922 diducto,
821 844 938 931 speeies
959 848 1023 934 rpsa
1042 844 1238 910 discernitur.

215 929 357 1006 Animal,
380 949 503 1016 genus3
538 929 684 1009 Mortale,
707 929 824 1014 species
836 953 845 1007 ;
880 929 1040 995 Terrenum
1060 931 1112 995 vel
1137 931 1238 1018 Bipes,

213 1011 382 1078 differens:
413 1013 556 1078 nondum
579 1013 743 1099 enimpro
766 1013 848 1076 rium
871 1016 924 1094 est,
936 1015 991 1080 sed
1009 1015 1078 1104 jam
1101 1015 1240 1080 differta

213 1097 340 1164 marino
353 1097 403 1162 iel
417 1098 642 1184 quadrupede:
658 1119 731 1184 quo
773 1120 836 1162 non
860 1111 927 1164 tam
950 1101 990 1164 ad
1013 1114 1240 1188 argumentum

212 1181 362 1270 pertinet,
378 1205 475 1270 quam
489 1184 529 1247 ad
544 1184 730 1270 diligentem
745 1182 896 1248 finitionis
915 1187 1237 1274 comprehenfionem.

214 1267 331 1334 Cicero
367 1291 437 1332 enos
452 1270 622 1356 respeciem,
636 1289 732 1354 quam
747 1267 1030 1366 eamdemsormam
1045 1283 1147 1349 vocat,
1163 1270 1237 1356 ofi-
1251 1273 1296 1340 62

212 1352 325 1420 uitione
336 1291 472 1431 diducit,
488 1366 521 1417 et
535 1353 586 1433 iis,
598 1375 671 1440 quae
685 1353 727 1416 ad
740 1353 863 1438 aliquid
884 1357 966 1433 lunt,
981 1355 1128 1442 subjicit:
1154 1368 1200 1433 ut,
1206 1356 1242 1440 ſs

212 1437 252 1515 ir,
267 1438 315 1501 cui
338 1449 494 1524 argentum
517 1463 598 1501 omne
619 1439 751 1524 legatum
774 1438 822 1522 est,
843 1449 930 1525 petat
937 1438 1094 1526 signatum
1113 1463 1237 1527 quoque,

212 1533 323 1588 utatur
346 1545 485 1609 genere:
516 1535 561 1601 at,
574 1523 610 1608 fi
629 1523 705 1610 quis,
722 1533 808 1584 com*¹
830 1523 960 1619 legatum
969 1525 1017 1610 stt
1037 1527 1075 1604 ei,
1091 1549 1159 1612 qoae
1172 1525 1238 1590 viro

213 1607 480 1692 materfonn'lios¹¹
494 1609 573 1693 effet,
595 1623 681 1708 neget
699 1608 825 1670 deberet
838 1631 876 1687 ez,
893 1632 962 1694 quea
983 1610 1016 1674 in
1038 1633 1158 1673 monum
1180 1633 1238 1673 non

213 1694 390 1766 convenerit,
404 1693 524 1778 specie:
548 1713 699 1779 quomam
714 1692 787 1756 duae
806 1691 916 1757 formae
937 1694 996 1758 fint
1016 1694 1236 1758 matrimonio·

212 1796 300 1842 rum
343 1778 497 1862 Dioifione
510 1791 618 1842 autem
632 1776 772 1863 adjuvari
788 1776 963 1841 finitionem
978 1779 1084 1857 docet,
1100 1793 1237 1878 eamque
1249 1784 1289 1868 63

211 1859 338 1928 differre
361 1885 380 1926 a
398 1863 584 1950 partitione:
606 1861 693 1948 quod
714 1861 785 1927 haec
808 1861 845 1926 fit
868 1862 967 1926 totius
988 1863 1021 1926 in
1042 1877 1160 1962 parter,
1183 1863 1238 1928 ula

212 1947 338 2034 'generis
353 1948 386 2011 in
400 1947 531 2012 formas.
567 1949 672 2012 Partes
686 1946 821 2010 incertas
835 1945 906 2025 effe,
920 1958 969 2025 ut,
987 1949 1103 2034 Qoobus
1116 1947 1237 2034 cufim

211 2032 398 2118 respublico3
420 2032 538 2096 formas
552 2043 664 2110 certas,
679 2045 728 2110 ut,
747 2032 825 2117 Quot
834 2030 1023 2178 fintlspec'ies
1036 2032 1236 2122 rerumpubli-

211 2139 326 2197 carum,
340 2139 419 2204 quas
439 2129 504 2182 tres
526 2117 710 2201 accipimus,
726 2137 797 2202 quae
864 2137 906 2200 pu
920 2117 941 2195 i,
956 2139 1028 2204 quae
1049 2139 1235 2204 paucorum,

209 2221 285 2287 qnae
300 2202 395 2265 unius
410 2203 561 2288 potestate
574 2215 768 2287 regerentur.
841 2215 855 2264 t
875 2200 929 2264 ille
950 2201 1080 2288 quidem
1101 2223 1165 2267 non
1185 2203 1235 2270 his
1248 2207 1293 2288 64

210 2285 365 2372 exemplis
389 2287 502 2365 utitur,
516 2286 591 2372 quia
613 2285 750 2350 scribens
769 2283 811 2348 ad
828 2283 1028 2366 Trebatium,
1043 2309 1082 2351 ex
1099 2287 1174 2373 jure
1197 2311 1236 2354 ea
1284 2337 1288 2344 r

210 2371 327 2436 ducere
352 2370 487 2436 maluit:
518 2393 582 2458 ego
603 2371 757 2456 apertiora
776 2369 877 2455 posui.
920 2371 1048 2460 Propria
1072 2388 1170 2436 vero²
1193 2374 1234 2438 ad

208 2455 400 2543 conjediurae
423 2477 553 2543 quoque
575 2457 734 2542 pertinent
756 2468 897 2540 partemz
920 2457 983 2518 utb
1004 2452 1166 2542 proprium
1191 2459 1234 2522 est

208 2541 297 2620 boni,
329 2549 404 2605 rede
423 2541 555 2625 socere3
594 2540 748 2617 iracundi,
778 2541 878 2602 verbis
905 2543 1031 2604 excundo
1044 2557 1140 2606 cerec.
1184 2543 1234 2606 At
1330 2575 1336 2584 ·

208 2639 319 2692 contra
335 2625 482 2712 quaedam
504 2627 536 2688 in
560 2625 748 2711 quibusdam
769 2624 882 2709 utique
902 2645 967 2688 non
988 2626 1120 2705 sunt,›et
1139 2626 1231 2706 ratio,

232 2712 380 2774 uamvi'sd
394 2732 434 2774 ex
447 2709 579 2787 diverso,
594 2708 704 2773 eadem
719 2709 774 2772 est.
804 2709 922 2794 Divifio
935 2721 968 2773 et
982 2710 1020 2773 od
1036 2711 1232 2795 probandum

205 2733 302 2860 dmili
326 2795 378 2860 via
403 2794 499 2874 volet,
525 2807 558 2858 et
582 2793 623 2858 ad
644 2791 865 2857 refellendum.
911 2795 1080 2858 Probantie
1103 2796 1231 2860 interim
1244 2799 1286 2883 65

207 2879 281 2945 satis
294 2881 337 2944 est
350 2903 449 2944 unum
467 2880 596 2958 habere,
611 2879 673 2941 hoc
689 2877 797 2964 modu,
817 2877 857 2940 Ut
862 2879 909 2961 fit
922 2880 999 2942 civis¹
1011 2879 1088 2966 quis,
1103 2893 1158 2944 out
1171 2905 1231 2944 na-

207 2977 257 3028 tus
270 2966 317 3049 stt
340 2978 459 3051 oportet,
475 2977 529 3027 out
538 2964 665 3048 sotius.-
687 2961 816 3048 neganti
825 2967 845 3039 f,
860 2973 1032 3049 utrumque
1052 2964 1230 3032 tollendum
1280 3019 1284 3028 .

206 3051 264 3128 est,
289 3049 351 3111 Nec
373 3062 473 3126 notor,
490 3073 541 3112 neo
554 3047 664 3134 soclus
687 3046 735 3132 est.
780 3046 830 3108 Fit
854 3045 917 3111 hoc
941 3060 975 3110 et
988 3048 1166 3134 multiplex,
1182 3051 1232 3114 id·
1243 3051 1287 3116 66

207 3147 298 3220 que!1
316 3134 358 3196 est
372 3146 631 3220 argumentorum
646 3152 748 3217 genus
762 3152 802 3194 ex
823 3131 1008 3210 remotione,
1022 3134 1111 3218 quah
1132 3135 1232 3200 modo

204 3217 342 3281 efficitur
355 3230 462 3282 totum
477 3217 600 3296 faisum,
617 3215 713 3280 modo
728 3215 774 3290 id,
789 3215 876 3301 quod
891 3215 1091 3300 relinquitur,
1107 3239 1229 3286 verum.

205 3304 329 3368 Totum
342 3301 457 3366 falsum
474 3305 516 3365 est
530 3301 592 3364 hoc
608 3299 719 3378 mod0,
735 3299 895 3362 Pecuniam
916 3301 1064 3386 credido'ffo
1085 3313 1113 3365 te
1134 3305 1230 3370 dicim

205 3400 263 3474 pot
286 3387 411 3472 habuisti
433 3390 444 3450 i
461 3389 504 3472 fe,
521 3399 576 3449 out
600 3385 637 3448 ob
660 3383 760 3468 aliquo
784 3382 923 3468 occepisti,
939 3397 992 3446 aot
1014 3387 1160 3472 invonssi,
1176 3403 1230 3452 out

195 3471 382 3562 surripuisti.
429 3404 573 3558 birroque
596 3470 672 3532 domi
692 3467 831 3553 habuisti,
851 3491 940 3557 nequo
964 3471 1003 3532 ab
1027 3469 1125 3559 aliquo
1147 3497 1229 3538 occe·
1277 3527 1280 3534 .

239 3701 252 3728 ¹¹
272 3671 442 3756 lignatuminsl
454 3694 485 3740 G.
582 3695 737 3738 *matertera
747 3685 778 3734 G.
841 3688 898 3734 ΥΡ,
911 3687 952 3748 leg.
963 3687 1050 3736 deberi.
1140 3697 1154 3725 z
1170 3705 1229 3746 con,

203 3760 250 3810 ssat
262 3759 293 3805 G.
358 3767 481 3818 ²quoque
492 3757 523 3802 G.
535 3762 600 3816 erpp.
612 3771 667 3801 ατη.-
718 3751 805 3810 bquia
815 3747 855 3814 iofi
868 3751 897 3799 G.
907 3751 970 3798 Jens.
1046 3751 1229 3804 ‘effecredaffi

204 3831 245 3870 tur
255 3831 389 3870 autcontra
400 3822 430 3866 G.
442 3821 505 3866 Jens.
554 3819 615 3864 tito
626 3817 668 3880 infl-
679 3817 708 3866 G.
721 3815 783 3863 Jens.
832 3815 993 3862 εΡῐοῒηῑίοιιῐ
1003 3817 1035 3864 G.
1046 3817 1109 3864 Jens.
1159 3817 1228 3868 tm,
1271 3819 1311 3852 i*

179 3887 247 3934 rud.
344 3885 510 3945 *ideoqueet
524 3881 647 3944 agdoni.
663 3879 960 3948 idcoqoezestcontraarg.
977 3882 1009 3930 G.
1048 3907 1050 3912 .
1076 3928 1078 3936 ¹
1113 3881 1227 3935 usim,

205 3949 298 4014 quoal.
390 3945 393 3954 ⁴

199 4209 265 4281 'quid
277 4208 356 4268 distet,
369 4207 419 4258 vid.
435 4211 499 4269 7,'}.
513 4206 607 4272 zoro.
637 4195 652 4232 ⁵¹
709 4197 722 4218 ⁸
738 4202 792 4272 sqq.

239 4282 282 4331 62.
301 4277 395 4342 Cicero]
415 4277 466 4347 Qi
479 4274 572 4344 copiose
590 4271 688 4343 praeser-
855 4287 858 4292 ·

239 4143 282 4191 60.
301 4137 327 4189 in
338 4133 453 4204 aridioris]
476 4130 604 4188 Addimus
623 4133 688 4186 servo
711 4123 721 4132 ”
738 4133 783 4185 tim
795 4131 819 4186 e³t
831 4128 951 4184 subtiliter
962 4131 1095 4218 contradict
1110 4130 1181 4204 Top.
1197 4139 1226 4220 ⁶?
