3000 4908
254 421 314 486 ιιι
486 407 533 468 u.
553 405 676 468 nunu
702 403 1041 470 aurnerrmntn

252 569 340 636 Nam
352 567 430 636 huie
442 568 747 670 oonoitarejudicea,
762 567 809 636 illi
823 569 949 636 desiere
963 566 1120 636 convenit.
1150 568 1274 640 veum

252 666 288 720 et
308 653 468 720 aecusator
490 653 588 720 habet
604 653 732 720 interim
749 653 897 720 lacrimas
920 676 960 720 ex
985 653 1182 720 miseratione
1204 655 1273 742 ejus

251 737 311 819 rei,
326 761 422 828 quarn
437 752 451 780 ²
473 737 654 804 ulciscitur:
678 753 712 804 et
733 761 805 806 reue
826 739 868 804 de
890 739 1083 828 indignitate
1104 739 1274 806 calumniae

252 823 490 910 conspirationis
518 823 736 890 vehementius
764 823 890 890 interim
923 823 1079 912 queritur.
1121 825 1274 892 Dividere

252 907 353 996 igitur
368 909 436 972 haec
455 909 558 990 officia
576 909 872 987 commodiffimum,
887 931 959 996 quae
1002 909 1166 996 lerumque
1189 911 1272 990 sunt,
1345 937 1348 945 ’

251 1007 291 1058 ut
311 993 390 1073 dixi,
403 994 557 1080 pmoemio
578 994 699 1075 nmilia,
715 995 767 1060 sed
787 994 944 1075 liberiora,
957 927 1172 1082 plinioraque.
1217 997 1272 1058 lu·
1287 1009 1332 1056 to

252 1077 405 1144 clinatio·
427 1079 513 1144 enim
528 1077 680 1178 judiopm
701 1079 743 1144 ad
767 1101 826 1144 nos
849 1079 968 1165 petitur
990 1077 1083 1144 initio
1109 1079 1233 1165 parcius
1244 1081 1272 1160 ¹³,

251 1183 328 1228 cum
340 1162 468 1228 admitti
481 1163 553 1228 satu
575 1165 630 1244 est,
645 1175 679 1228 et
701 1165 803 1228 oratio
824 1175 893 1228 tota
913 1163 946 1228 su
987 1163 1065 1228 rest:
1089 1163 1122 1228 in
1143 1165 1274 1252 epilogo

250 1239 327 1312 'vero
340 1249 538 1336 est,·qualem
551 1250 694 1316 animum
708 1248 810 1336 judex
822 1248 855 1312 iu
871 1185 1033 1314 consilium
1048 1247 1139 1330 ferat,
1156 1263 1189 1314 et
1202 1249 1273 1336 jam

250 1330 332 1396 nihil
356 1333 491 1420 amplius
513 1333 629 1398 dietari
651 1334 770 1408 sumus,
786 1337 852 1398 nec'
867 1335 968 1412 restat,
1013 1355 1057 1398 uo
1079 1332 1236 1400 servemus
1247 1350 1271 1398 ⁶.
1289 1379 1291 1386 ›

249 1417 303 1480 Est
322 1417 423 1506 igitur
442 1418 582 1506 utrisque
602 1439 785 1498 commune,
800 1417 969 1482 conciliare
991 1357 1058 1496 ibi,
1074 1431 1212 1484 avertere
1231 1420 1271 1484 ab
1287 1437 1328 1483 11

248 1501 421 1568 adversario
435 1502 592 1590 judicem,
609 1503 768 1568 concitare
782 1501 923 1582 alredus,
937 1515 972 1566 et
987 1523 1186 1590 componere.
1230 1506 1274 1570 Et

249 1585 460 1654 breviffimum
486 1587 616 1674 quidem
641 1587 704 1652 hoo
728 1599 919 1673 preceptum
941 1585 1009 1652 dari
1034 1587 1163 1674 utrique
1191 1589 1274 1676 parti

248 1673 359 1758 potest,
374 1685 413 1736 ut
426 1684 509 1736 totas
523 1673 633 1738 caussae
646 1672 728 1736 vires
742 1685 849 1736 orator
862 1683 936 1736 ante
953 1671 1065 1737 oculos
1085 1686 1203 1759 ponat:
1226 1686 1271 1754 et,

249 1775 326 1828 cum
347 1756 472 1834 viderit,
486 1755 565 1845 quid
587 1756 775 1844 invidiosum,
788 1757 978 1856 fauorabile,
993 1755 1133 1844 invisum,
1149 1759 1272 1844 misera·

250 1839 308 1904 bile
323 1854 380 1910 aut
399 1843 435 1911 fit
454 1841 488 1906 in
508 1841 615 1920 rebus,
631 1853 687 1906 aut
701 1841 799 1906 viden
820 1841 922 1927 possit,
937 1863 976 1906 ea
995 1839 1091 1922 dicat,
1106 1841 1235 1928 quibus,
1252 1843 1272 1908 fi

243 1923 345 2012 judex
359 1925 434 1992 esset
447 1925 521 2012 ipsa,
537 1925 675 1990 maxime
688 1939 880 1992 moveretur.
924 1923 988 1990 Sed
1002 1925 1119 1990 certius
1139 1929 1206 1992 estd
1226 1928 1272 1992 ire
1286 1945 1329 1997 12

248 2032 307 2098 per
321 2010 452 2098 singula.
497 2013 540 2074 Et
561 2033 633 2096 quae
655 2011 828 2076 conciliant
849 2010 980 2098 quidem
997 2010 1221 2090 accusatorem,
1237 2013 1294 2078 in-

273 2095 416 2180 raeoeptis
430 2093 552 2160 exordii
560 2095 628 2182 jam
642 2093 792 2160 diximus.
837 2095 993 2162 Quaedam
1008 2108 1128 2176 tamen,
1144 2119 1216 2182 quae
1228 2097 1270 2160 il-

247 2117 292 2244 lic
305 2179 466 2244 ostendere
479 2179 552 2244 satis
566 2181 620 2257 est,
635 2180 668 2244 in
682 2179 879 2266 peroratione
892 2179 1055 2266 implenda
1067 2181 1138 2244 sunt
1155 2181 1271 2268 magis,

248 2261 270 2324 fi
306 2275 418 2328 eontra
451 2263 674 2350 impotentem,
710 2263 855 2343 invisum,
883 2261 1105 2349 perniciosum,
1133 2263 1273 2352 suscepta

247 2347 349 2412 caussa
363 2349 426 2428 est;
449 2349 470 2412 fi
487 2347 652 2435 judicibus
667 2347 737 2435 ipsis
753 2361 808 2414 aut
827 2347 939 2436 gloriae
960 2347 1122 2414 damnatio
1141 2349 1199 2430 rei,
1214 2365 1271 2416 aut

247 2430 442 2500 deformitati
456 2431 564 2500 futura
585 2432 752 2502 absolutio.
794 2435 880 2500 Nam
903 2432 1034 2522 egregie
1054 2433 1090 2499 in
1103 2434 1269 2512 Vatinium
1284 2455 1324 2524 13

280 2652 293 2680 z
307 2635 347 2684 Sic
357 2637 388 2685 G.
399 2648 421 2685 er
429 2637 459 2686 al.
471 2648 508 2700 ep.
519 2639 598 2686 Bam.
615 2653 689 2700 quern
700 2637 740 2686 rel.
752 2647 774 2686 er
784 2636 828 2703 ipse
838 2639 916 2686 Bam.
975 2643 988 2672 ⁸
1003 2635 1119 2705 inclinato
1128 2637 1192 2692 lens.
1203 2638 1269 2690 male.

249 2700 431 2762 bputintum
443 2703 474 2751 G.
538 2703 686 2772 ftenemur
697 2704 727 2752 G.
738 2703 802 2752 Jens.
866 2701 990 2753 “omitt
1285 2721 1289 2730 =

278 2889 311 2948 tp.
329 2880 380 2948 ejus
390 2880 437 2943 rei,
446 2897 520 2951 quam
530 2880 662 2954 uktstitnr]
682 2880 732 2934 Al·
779 2879 844 2932 mitti
853 2880 879 2934 in
895 2880 1020 2947 confilium,
1032 2897 1091 2934 cum
1101 2880 1133 2934 ad
1149 2879 1269 2950 suffragia

248 2959 300 3002 tera
322 2950 403 3012 ledia,
425 2951 477 3019 ejus
504 2950 542 3004 rei
563 2968 642 3022 picem,
664 2950 734 3004 nullo
779 2961 847 3002 eunt.
876 2953 944 3004 Hinc
965 2951 1009 3022 ipfi
1028 2968 1128 3020 quoque
1148 2963 1270 3004 vocantur

248 3019 323 3072 modo
334 3019 392 3072 stare
403 3019 488 3089 potest.
513 3021 597 3072 Sermo
607 3019 640 3072 esl
650 3017 681 3072 de
691 3037 733 3072 ac·
779 3017 905 3086 cnnstlium.
932 3019 1108 3090 Exemplorum
1121 3017 1216 3071 affatim
1228 3019 1268 3072 vel

248 3088 377 3140 cusatorei
396 3089 437 3140 hic
454 3087 574 3160 uln'scitur
584 3089 695 3160 quidem,
708 3085 733 3140 id
781 3089 890 3140 Verrinae
911 3087 966 3142 solz
988 3087 1187 3158 suppeditabunt.
1217 3087 1269 3140 Pa·

248 3156 282 3208 est
292 3157 374 3226 ponit,
385 3168 450 3208 certe
460 3157 492 3208 ad
510 3175 608 3226 poenam
625 3157 734 3228 deposcit
781 3173 837 3208 mm
847 3157 932 3226 itaque
947 3157 1050 3227 prodest,
1061 3156 1077 3208 fi
1090 3168 1142 3208 tota
1157 3157 1269 3210 oratione

247 3242 333 3284 reione
352 3224 390 3278 sed
401 3243 431 3281 ex
442 3226 515 3292 hujus
526 3227 626 3294 quidem
637 3225 733 3297 profec-
781 3227 855 3280 nostri
874 3224 966 3280 fuerim
979 3225 1085 3292 judicet,
1095 3225 1113 3278 fi
1123 3228 1151 3279 in
1166 3224 1269 3280 conclu·

248 3307 277 3346 to
287 3294 439 3350 miseratione
450 3294 564 3347 lacrimae
581 3311 630 3348 non
647 3296 732 3350 ciebit.
781 3294 844 3349 sione
855 3294 926 3348 aliter
936 3295 1021 3348 sentire
1031 3295 1161 3364 incipiant.

248 3364 319 3415 ldem
331 3363 733 3434 veroumyciturremareocom.
819 3383 861 3416 ιο.
885 3382 929 3417 nec
949 3363 1032 3434 restat,
1053 3381 1098 3432 quo
1117 3365 1265 3434 servemus]

248 3431 353 3494 missam,
372 3444 407 3495 et,
426 3433 486 3502 quid
507 3434 533 3485 in
551 3450 580 3484 ea
598 3434 735 3487 miserabile
781 3434 839 3485 Non
849 3434 939 3485 damno
950 3434 1012 3485 hanc
1028 3432 1173 3497 lestionerm
1190 3433 1269 3502 potest

248 3502 287 3564 fit,
305 3501 418 3563 ostendit,
439 3501 504 3570 (vid.
525 3501 545 3553 s.
568 3519 610 3553 ιι.
630 3515 655 3554 et
676 3505 731 3572 18.)
781 3503 846 3555 enim
865 3501 983 3571 intelligi,
1001 3519 1046 3572 quo
1059 3503 1192 3572 servemus
1215 3518 1267 3562 nos,

247 3589 326 3644 eaque
336 3572 430 3624 ratione
441 3580 523 3623 movet
539 3569 652 3622 lacrimae
667 3589 735 3626 reum
782 3571 874 3642 nostras
890 3571 979 3624 vires:
1003 3571 1043 3623 sed
1058 3583 1139 3623 tamen
1156 3569 1206 3622 sere
1224 3571 1268 3633 eti,

248 3652 395 3711 prementes.
424 3641 514 3708 Itaque
531 3657 601 3709 pum
617 3641 642 3692 in
662 3659 736 3710 quam
782 3651 812 3692 ut
823 3641 904 3710 magis
916 3640 1010 3710 placeat
1026 3640 1103 3692 altera
1118 3640 1199 3699 lessio,
1209 3640 1269 3708 ser-

248 3710 397 3766 mutandum
418 3721 470 3760 erat
492 3721 579 3762 contra
598 3727 683 3764 ornnes
705 3711 736 3764 li·
783 3725 884 3771 vemur,
899 3710 1023 3780 reciproca
1037 3709 1211 3779 significatione
1226 3706 1268 3758 su-

184 3807 186 3816 =
248 3780 318 3840 bros,
341 3779 431 3830 nedum
453 3777 485 3830 iis
511 3777 666 3842 notioribus,
690 3781 736 3850 qni
783 3780 871 3831 menda
892 3795 937 3850 pro
957 3781 1101 3850 servemus,
1120 3778 1272 3830 reservemus

248 3847 321 3918 supra
331 3847 426 3900 laudati
437 3847 502 3898 sunt.
701 3889 705 3896 ι
783 3865 833 3902 nos.

287 3936 330 3970 ιο.
354 3915 379 3974 in
396 3915 484 3985 epilogo
501 3933 565 3970 vero
584 3915 628 3986 cst]
656 3917 735 3970 Prout
821 3934 863 3970 12.
880 3915 906 3968 in
912 3915 1041 3986 praeceptis
1051 3915 1158 3979 exordii]
1176 3933 1243 3980 4,1.

175 3985 178 3990 ’
248 3986 378 4040 afficiture
398 3985 465 4054 ilogo
477 3985 568 4050 judicis
579 3987 687 4048 animus,
699 3987 735 4040 ita
820 4005 861 4040 ιι.
878 3985 1040 4056 impotentem]
1065 3987 1115 4038 Vix
1132 3985 1269 4046 emathia¹

244 4055 356 4121 judicata
372 4003 419 4108 sert
431 4055 495 4107 enim
507 4055 587 4108 secum
599 4053 670 4106 illum
682 4057 735 4110 ani·
782 4055 935 4118 dubitemus,
951 4055 1100 4126 impotentem
1117 4053 1161 4107 else
1177 4055 1269 4106 immo·

248 4142 318 4182 mum
330 4123 356 4178 in
366 4121 493 4190 turpilium,
505 4124 529 4176 h.
540 4142 563 4176 e.
577 4121 608 4177 ad
620 4124 736 4194 suffragia
783 4123 905 4185 deratum,
924 4126 1110 4196 intemperanter
1125 4121 1269 4178 abutentem

248 4181 355 4248 lisanda.
382 4191 454 4243 Nihil
466 4190 617 4262 frequentius
628 4193 658 4248 de
666 4193 735 4260 judi·
782 4193 822 4250 vel
833 4195 947 4268 potestate
959 4193 1001 4264 sua
1009 4193 1050 4250 ¹trel
1061 4191 1182 4266 potentia.

248 4263 331 4328 cibus,
351 4277 428 4335 quam
450 4263 519 4334 quod
540 4263 668 4327 dicuntur,
687 4262 735 4330 ire,
