2870 4916
279 379 317 435 aa
512 375 559 438 Μ.
580 372 708 450 sunu
729 371 1075 470 uurncrlnlnnrt

279 537 353 624 plus
367 537 506 624 impetus
519 537 609 602 facit.
646 537 731 601 Mihi
746 535 800 602 ille
815 537 909 602 detur
922 557 1012 624 puer,
1028 552 1126 622 quem
1141 533 1214 602 laus
1229 515 1316 602 exdi-
1331 541 1353 612 7

188 643 264 666 ··-·
281 635 342 704 tet,
358 646 454 710 quem
471 623 575 712 gloria
589 623 692 712 juvet,
708 623 764 708 qui
780 623 882 687 vidus
896 623 989 686 fleat:
1020 621 1076 684 hic
1097 621 1158 684 crit
1180 623 1316 686 alendus

265 767 267 771 .
281 707 417 788 ambitu,
433 708 520 772 hunc
534 709 695 773 mordebit
709 707 900 796 objurgatio,
915 705 1002 772 hunc
1022 705 1126 770 lton‘or
1139 707 1312 786 excitabit3

269 793 576 860 .inhocdel1diam
603 815 779 880 numquam
804 793 947 858 verebor.
991 792 1107 856 Danda
1135 794 1179 856 est
1206 780 1352 856 tamen8

197 915 271 932 --
281 879 433 943 omnibus
448 879 554 965 aliqua
567 879 717 943 remiffior
741 898 803 943 non
827 879 941 957 sulum,
956 877 1031 963 quia
1046 894 1176 942 nunna
1194 897 1246 942 res
1260 879 1315 958 est,

215 1007 217 1015 ι
281 985 357 1050 quae
372 963 507 1050 perierre
520 964 610 1051 poffit
624 963 814 1028 continuum
828 962 969 1028 laborem
977 987 987 1043 ;
1004 975 1101 1050 atque
1116 983 1154 1026 ea
1168 983 1245 1050 quor
1261 985 1316 1043 ue,

264 1071 355 1138 ¹quae
378 1048 466 1112 sensu
489 1061 522 1112 ct
544 1050 650 1113 anima
664 1061 783 1128 carent,
798 1063 836 1112 ut
856 1049 975 1113 servare
997 1048 1062 1113 vim
1084 1047 1173 1112 suam
1189 987 1316 1134 pollint,

280 1132 369 1198 velut
383 1132 503 1198 alterna
515 1135 624 1220 quiete
638 1134 847 1197 retenduntur
856 1143 892 1197 ²:
914 1134 967 1197 sed
983 1133 1070 1220 quod
1092 1131 1233 1196 studium
1252 1131 1316 1196 dis·

280 1217 374 1282 cendi
388 1219 562 1296 voluntate,
578 1241 651 1306 quae
667 1219 741 1305 cogi
757 1237 820 1281 non
862 1220 950 1300 otest,
966 1219 1097 1282 constat.
1142 1219 1261 1304 ltaque
1284 1227 1351 1290 et9

280 1302 395 1402 virium
422 1304 494 1392 plus
515 1303 650 1370 afferunt
671 1239 911 1368 addiscendum
932 1303 1075 1368 renovati
1096 1321 1134 1367 ac
1155 1315 1316 1382 recentes,

207 1425 211 1435 κ
279 1399 313 1451 'et
326 1409 479 1453 acnorem
510 1390 664 1468 animum,
693 1389 748 1476 qui
777 1388 843 1452 fere
870 1389 1103 1454 neceffitatib'us
1138 1401 1316 1476 repugnat.

198 1473 378 1538 *Nec*
403 1495 456 1538 me
479 1475 647 1538 offenderit
671 1473 758 1542 lusus
781 1474 813 1538 in
829 1476 954 1560 pueris:
980 1475 1022 1537 est
1044 1487 1077 1534 et
1098 1472 1162 1536 hoc
1187 1473 1316 1558 fignum
1331 1479 1371 1524 10

279 1557 472 1624 alacritatis:
505 1582 608 1646 neque
637 1557 729 1622 illum
755 1559 885 1637 tristem,
915 1558 1101 1644 semperque
1129 1557 1316 1636 demissum,

195 1693 202 1704 .
278 1641 400 1729 sperare
422 1643 566 1730 pollum²
590 1644 703 1708 erediae
726 1643 810 1707 circa
829 1643 927 1707 studia
946 1643 1062 1706 mentis
1084 1641 1165 1721 fore,
1182 1663 1261 1706 cum
1283 1645 1317 1706 in

278 1725 343 1791 hoc
356 1751 497 1816 quoque,
513 1729 651 1794 maxime
673 1728 830 1791 naturali²
852 1728 997 1792 aetatibus
1018 1727 1098 1806 illis,
1114 1727 1242 1812 impetu
1269 1727 1317 1792 'a-

279 1827 360 1878 ceat.
405 1814 525 1879 Modus
540 1827 646 1878 tamen
663 1814 699 1877 lit
718 1813 961 1891 remiffionibus,
978 1835 1018 1875 ne
1033 1825 1089 1875 aut
1107 1813 1225 1876 odium
1301 1854 1315 1865 -
1332 1818 1366 1862 11

276 1897 407 1962 ‘diomm
433 1898 613 1964 faciantne
638 1911 708 1977 atae,
735 1910 790 1962 aut
813 1897 872 1961 otii
897 1895 1158 1974 consuetudinem
1189 1897 1314 1963 nimiae.

192 2017 199 2038 ι
278 1983 363 2048 Sunt
378 1985 474 2048 etiam
493 1921 638 2048 nonnulli
652 1982 803 2048 acuendis
822 2001 992 2070 pueronrm
1014 1981 1154 2068 ingeniis
1176 2003 1243 2045 non
1262 1984 1314 2046 in-

277 2068 375 2132 utiles
388 2068 483 2148 lusus,
499 2092 600 2154 quum
620 2067 725 2155 positis
747 2059 882 2132 inriicem
904 2067 1055 2154 cujusque
1068 2067 1198 2154 generis
1221 2088 1314 2154 quae·

279 2151 441 2216 stiunculis
455 2153 656 2219 aemulantur.
693 2155 803 2216 Mores
818 2175 947 2240 quoque
963 2153 1016 2214 seb
1032 2152 1115 2214 iuter
1128 2151 1314 2217 ludendum
1330 2159 1367 2208 Π

279 2237 452 2322 simplicius
467 2227 633 2324 defigunt.
678 2237 782 2302 Modo
805 2237 893 2301 nulla
910 2237 1055 2301 videatur
1075 2251 1151 2301 aetas
1174 2249 1244 2300 tam
1264 2238 1314 2301 in.

194 2320 380 2398 “ffirma,
394 2343 466 2408 quae
481 2345 545 2387 non
560 2323 703 2408 protinus
719 2322 797 2410 quid
815 2323 938 2386 retium
956 2340 1159 2470 pravumque
1180 2322 1231 2400 fit,
1242 2324 1314 2387 dis-

276 2413 342 2486 *cat,
357 2419 426 2470 tum
442 2407 492 2472 vel
509 2409 647 2472 maxime
668 2407 844 2484 fomranda,
859 2427 934 2471 cum
979 2406 1119 2470 mulandr
1136 2405 1242 2470 nescia
1258 2409 1313 2488 est,

276 2503 312 2555 ct
336 2492 592 2580 praecipientibus
607 2491 757 2557 facillime
771 2493 876 2556 cedit:
902 2510 1078 2580 annuens
1096 2491 1182 2556 enim
1200 2493 1313 2575 citius,

312 2717 325 2744 ⁸¹
344 2714 629 2777 retinenturcumoptimis
646 2712 788 2778 quibusquam
802 2710 949 2760 Candauiam
961 2714 991 2760 G.
1042 2713 1130 2760 ¹N0n
1142 2714 1174 2761 G.
1225 2720 1238 2744 ²
1292 2713 1312 2761 s.

199 2829 209 2844 .
279 2775 389 2857 amm
429 2777 854 2842 anatumrsrmpetuse.numaa.
919 2779 1010 2825 snut
1026 2777 1049 2824 re
1060 2777 1167 2826 ludendo
1178 2779 1211 2826 G.
1223 2779 1250 2826 u
1267 2797 1289 2830 e.

278 2956 368 3018 reddit,
380 2957 465 3025 quales
475 2957 600 3010 uolumus.
620 2958 645 3008 Si
656 2955 767 3026 legamus
816 2973 873 3024 quae
894 2957 1015 3008 divinitus
1037 2953 1078 3006 ille
1100 2955 1255 3018 Politianus,
1283 2976 1310 3028 p.

226 3053 232 3058 -
279 3025 345 3086 aliis,
364 3045 420 3095 quae
440 3027 475 3078 ele
493 3045 537 3080 ans
555 3027 692 3080 Burmanni
709 3043 767 3076 con·
819 3041 879 3087 124.
907 3024 1004 3078 Utboni
1021 3023 1312 3094 agricolaenibilominus

275 3094 371 3159 jeclura
389 3096 431 3155 est,
444 3047 627 3158 dedderabitur,
640 3094 709 3162 quod
725 3111 767 3146 ex·
816 3093 903 3145 noxias
917 3093 1037 3162 frugibus
1052 3093 1156 3162 plantas
1175 3093 1312 3165 herbasque

279 3165 408 3226 tundatur,
421 3163 460 3216 sed
472 3163 545 3217 facile
557 3165 601 3234 sup
620 3164 719 3215 labitur.
816 3163 951 3214 convellere
973 3173 1046 3232 atque
1069 3162 1206 3234 exstirpare
1218 3164 1310 3234 solent,

316 3252 340 3296 7.
358 3233 401 3305 qui
410 3235 495 3287 ‘vibius
505 3233 583 3304 strat]
635 3245 691 3284 otus
702 3233 767 3284 enim
816 3232 879 3300 quud
886 3232 1001 3298 facundi
1009 3231 1058 3300 soli
1074 3231 1198 3300 ingenium
1215 3233 1310 3290 axillis

278 3303 434 3372 generosioris
446 3315 471 3356 et
488 3306 596 3374 impetus
607 3304 691 3371 magni
704 3302 768 3354 indi·
815 3299 1062 3365 animadverterin13
1081 3300 1119 3352 ita
1132 3301 1243 3378 profem
1256 3311 1296 3372 pa

278 3375 356 3428 cium·
393 3375 459 3425 Novi
483 3391 530 3443 ego
553 3389 656 3440 magnos
679 3371 768 3424 instro
816 3379 896 3420 rentes
906 3387 936 3420 ac
947 3369 1070 3440 magistros
1087 3369 1160 3422 nihilo
1177 3372 1261 3439 magis
1272 3382 1308 3424 te·

278 3459 366 3512 genere
389 3443 511 3503 homines,
534 3458 642 3510 quorum
661 3443 767 3510 pueritia
815 3437 881 3490 neris
900 3439 980 3490 adhuc
998 3438 1073 3490 vitiis
1091 3439 1219 3508 indulffre
1238 3449 1308 3510 apur-

276 3513 311 3563 cb
324 3511 397 3564 flendi
408 3511 552 3564 facilitatem
565 3513 710 3580 cognomine
721 3511 767 3561 eti-
816 3516 859 3566 tet,
870 3510 933 3577 quod
947 3525 978 3558 ea
990 3492 1082 3576 optimu
1091 3508 1249 3578 ingenueque
1260 3519 1307 3562 nu·

277 3599 318 3632 arn
331 3581 515 3633 traducebatur.
545 3579 629 3631 Exstat
641 3580 728 3630 summi
740 3581 766 3630 in
814 3585 876 3628 tura
884 3578 1024 3628 documenta
1032 3577 1194 3646 priebuerint.

272 3649 354 3704 ‘literis
378 3651 485 3702 hominis
504 3651 577 3717 Ang.
597 3647 714 3701 Politiani
734 3650 765 3700 ad
862 3651 887 3696 8.
915 3647 1086 3711 retenduntur]
1118 3646 1234 3699 Retinere
1264 3647 1308 3701 effe

276 3722 439 3773 Laurentium
458 3720 582 3771 Medicam
595 3716 702 3788 epistola,
715 3733 765 3786 qua
813 3713 913 3774 servare,
926 3717 985 3767 bene
998 3717 1038 3768 hic
1050 3715 1121 3767 docet
1134 3717 1306 3770 Burmannus.

275 3787 348 3842 illum
360 3807 433 3858 aequo
444 3786 526 3840 animo
538 3787 600 3839 ferre
614 3789 695 3854 jubet,
708 3800 763 3838 tan.
814 3784 859 3835 Sed
878 3783 956 3836 nescio
974 3790 1057 3836 tarne'n
1075 3786 1204 3854 quomodo
1224 3796 1306 3838 reten-

275 3877 351 3928 quam
363 3858 457 3928 signum
470 3857 590 3928 genercsae
602 3857 701 3916 indolis,
714 3856 762 3907 ira-
811 3853 903 3904 duntur
926 3855 992 3922 quod
1015 3855 1048 3904 ab
1070 3854 1142 3906 Aldo
1160 3855 1203 3916 est,
1223 3859 1307 3924 magis

274 3925 389 3980 cundiam
407 3927 452 3982 lilii
471 3927 517 3988 sui,
530 3929 575 3980 ubi
592 3927 638 3978 hoc
655 3926 709 3994 loco
726 3927 762 3978 ita
811 3923 1009 3992 Quintillianum
1029 3922 1094 3974 olere
1111 3924 1176 3975 mihi
1196 3925 1306 3987 videtur,

274 3999 364 4058 utitur,
375 3999 446 4066 (Fac.
457 3997 536 4048 Gmt.
548 3997 601 4048 To.
614 4017 638 4048 1.
647 4015 673 4065 p.
686 3995 760 4062 ιη.)
811 3993 924 4060 inprimis
940 4003 1039 4062 propter
1051 3992 1114 4044 illud
1128 3991 1215 4055 uelut,
1227 3993 1307 4046 trans·

276 4066 329 4140 Qui
349 4067 433 4120 vitius
445 4066 533 4138 ploret,
550 4063 635 4118 viator
650 4063 759 4185 irpzrlt'et:
811 4061 909 4112 lationis
925 4063 1047 4114 indicem:
1067 4071 1150 4131 aperte
1160 4063 1227 4114 enim
1241 4062 1308 4116 limi·

272 4153 304 4189 cx
323 4135 550 4198 memoria‚.credo‚
563 4135 650 4187 citavit
677 4150 760 4184 ccum.
811 4129 892 4185 litudo
903 4130 933 4184 de
944 4147 1003 4184 arcu
1019 4143 1043 4184 et
1057 4130 1186 4184 tormentis
1196 4133 1307 4203 petitur·

265 4201 398 4260 'Ceterum
406 4223 455 4260 nun
464 4205 610 4277 possumncn
618 4203 762 4269 adscribere,
1248 4238 1253 4250 .
