2938 4910
396 401 566 484 INSTIT.
586 397 793 472 ORATOR.
814 399 897 470 mu.
911 399 981 462 vn.
994 417 1025 474 3.
1166 411 1228 486 3427

145 559 189 628 26
196 578 262 641 tus.
307 563 407 642 Circa
421 564 604 654 propense
626 564 798 652 ‹tiffirentta
822 584 941 651 magna
964 559 1144 630 subtilitas:
1178 576 1230 647 ur,

197 675 276 723 cum
288 651 452 740 quaritur,
466 652 523 715 An
538 651 688 730 addictus,
721 654 785 714 uem
800 649 983 737 leaservire,
996 647 1229 735 donecsolverit,

188 737 483 838 jubet,servusstt?
505 735 602 812 altera
616 757 686 822 pars
701 674 773 800 bnis
786 735 846 814 ita„
860 735 971 804 Servus
986 733 1033 820 etl,
1049 735 1101 821 qui
1115 732 1232 822 estjara

197 850 237 890 sn.
258 824 396 890 eruitate.
439 822 564 900 Altera,
580 822 632 909 qui
646 821 832 906 inservitute
846 819 884 906 est
896 845 925 885 aa
939 822 1021 907 jure,
1036 819 1230 908 quoserouse

152 976 154 982 ,
199 921 267 989 aut,
285 922 321 976 ut
335 907 458 994 antiqui
474 907 636 986 dixerunt,
651 907 709 992 qui
718 906 1012 992 seruitutemseruit.
1058 905 1142 971 Quae
1157 904 1232 971 fini·

146 993 152 998 ’
199 995 258 1075 tio,
274 993 393 1076 etiamfi
415 993 509 1064 distat
529 991 649 1079 aliquo,
666 991 720 1054 nisi
737 1005 843 1056 tamen
859 990 993 1077 propriis¹
1005 1003 1038 1056 et
1055 990 1232 1056 differenti-

146 1084 184 1155 27
199 1081 260 1146 hus
274 1079 455 1166 adjuvetur,
469 1076 573 1144 inanis
586 1077 640 1142 eli.
684 1077 784 1142 Dicet
796 1077 882 1142 enim
899 1075 1105 1152 adversariae,
1118 1075 1233 1142 servire

199 1189 275 1237 eum
290 1165 487 1240 fumantem,
501 1176 557 1228 ant
570 1185 611 1226 eo
620 1165 706 1250 jure,
722 1185 788 1247 quo
810 1163 946 1226 servum.
989 1161 1166 1226 Videamus
1180 1181 1232 1226 er·

148 1301 155 1336 ·.
197 1249 245 1339 go
258 1249 383 1337 propria
397 1247 635 1334 differentiaque
655 1248 839 1331 [liberorum
853 1249 893 1332 ¹,]
911 1269 985 1333 quae
1003 1246 1119 1330 [librat
1134 1245 1233 1333 quin-

199 1339 249 1422 to]
274 1335 387 1400 leviten
399 1333 435 1398 in
449 1333 579 1400 transitu
592 1332 773 1420 attigeram.
818 1331 942 1410 Servus,
956 1353 1033 1396 cum
1054 1331 1233 1401 manumit-

200 1422 292 1498 titur,
309 1418 345 1483 tit
365 1419 553 1498 libertinum
582 1419 732 1497 udaiaus,
751 1430 879 1505 recepta
898 1417 1059 1496 libertate,
1074 1418 1118 1480 est
1139 1417 1233 1504 inge-

201 1527 307 1572 nuus:
320 1507 434 1590 servus
453 1503 555 1568 invito
577 1504 713 1570 domino
734 1503 914 1568 libertatem
943 1514 1034 1567 2non
1059 1501 1233 1588 conseque-

201 1605 255 1657 tur
266 1615 276 1669 3
303 1589 441 1654 amiate
460 1588 623 1668 solvendo,
645 1589 725 1662 citra
746 1589 943 1654 voluntatem
963 1587 1097 1667 domini,
1121 1587 1233 1652 couse-

201 1689 344 1762 quatur:
371 1675 573 1761 adstruens
592 1673 683 1740 nulla
701 1675 754 1740 lex
778 1675 916 1760 pertinet
927 1697 938 1752 ;
961 1674 1098 1737 addittus
1124 1672 1234 1759 legem

201 1761 311 1826 habet.
356 1759 483 1846 Propria
504 1760 603 1840 liberi,
627 1783 700 1846 qua
723 1781 820 1824 nemo
842 1759 950 1837 habet,
966 1757 1020 1822 nist
1041 1759 1134 1836 liber,
1150 1781 1232 1855 prae·

202 1868 334 1924 nomen,
350 1868 480 1924 nomen,
496 1867 690 1934 cognomen,
705 1847 850 1910 tribum:
874 1844 973 1909 habet
993 1843 1063 1907 haec
1084 1844 1233 1908 atdraus.

148 1923 189 1992 28
203 1931 337 1996 Εκουίΐο
362 1932 437 2019 quid
448 1931 524 2016 fit?
545 1953 602 2018 pro
666 1931 792 2018 peratta
813 1931 859 1994 est
878 1928 1020 2015 quaestio,
1036 1951 1077 1992 an
1095 1930 1148 1994 hoc
1160 1927 1235 2014 stt?

203 2017 243 2081 Id
265 2017 350 2094 enim
376 2017 516 2104 agimus,
532 2029 570 2080 ut
593 1953 643 2080 pte
653 2016 763 2082 cauffae
778 2017 889 2080 nostrae
909 2014 1102 2079 conveniens
1118 2013 1233 2078 finitio.

203 2102 443 2168 Potentiffimn'b
466 2113 577 2166 autem
589 2103 632 2166 est
646 2102 680 2166 in
695 2125 734 2166 ea
745 2101 901 2188 qualitas:
924 2124 966 2164 an
981 2124 1073 2179 anor,
1088 2123 1129 2162 an
1150 2100 1234 2184 ἑψι-

201 2187 287 2252 nia?
322 2189 399 2262 Huc
427 2186 636 2273 pertinebunt
661 2187 879 2274 probationes,
904 2207 982 2272 quas
1012 2184 1126 2250 Cicero
1156 2184 1237 2250 dicit

200 2272 342 2372 proprias
356 2273 416 2336 else
429 2272 593 2352 finitionis,
606 2297 642 2338 erc.
657 2272 901 2350 antecedentibus,
916 2270 1162 2368 coeffequentibus,
1179 2270 1236 2334 ad·

195 2357 322 2438 yanttis,
339 2357 585 2443 repugnantibus,
601 2357 746 2444 tarcffis,e
774 2358 841 2422 attis
851 2371 875 2436 ⁶,
888 2356 1063 2440 ſsrnrlibus:
1089 2355 1130 2418 de
1150 2376 1235 2440 quo·

151 2451 191 2520 29
205 2463 279 2506 rum.
298 2451 562 2530 argumentorum
588 2455 701 2508 natura
746 2445 845 2506 ibium
867 2443 922 2505 est.
966 2441 1109 2504 Breviter
1127 2450 1236 2508 aurens

204 2547 263 2612 pto
278 2526 411 2592 Caecina
424 2525 537 2592 Cicero
552 2526 652 2606 initia,
668 2529 792 2612 catastas,
808 2526 925 2624 effitta,
941 2525 1152 2604 antecedentia,
1168 2549 1236 2590 caa-

195 2612 353 2700 sequentia
366 2611 555 2696 complexus
577 2614 641 2676 est:
669 2615 754 2698 Quid
774 2614 868 2699 igetur
878 2611 1100 2758 fugiebantd?
1119 2621 1238 2698 propter

205 2709 323 2780 ructum.
370 2696 451 2762 mit
475 2697 673 2762 ncetucbant?
710 2698 743 2762 V
739 2698 778 2762 im
806 2697 877 2762 vide
891 2697 954 2760 icet.
1000 2694 1119 2781 Potestis
1143 2695 1239 2782 igitur

202 2781 352 2868 principia
373 2805 495 2868 negare,
511 2805 574 2846 eum
595 2795 724 2852 extrema
742 2783 921 2847 conceditis?
943 2782 1007 2846 Sed
1030 2779 1238 2847 similitudine

205 2889 335 2952 quoque
348 2866 424 2944 usus
437 2869 491 2945 est,
511 2867 650 3016 &navis
665 2869 697 2930 in
717 2867 790 2931 bello
812 2866 992 2956 appellatur,
1007 2891 1042 2930 ea
1065 2866 1098 2930 in
1112 2867 1166 2930 olio
1180 2891 1239 2942 nort

150 2964 194 3032 30
206 2951 436 3042 appellabitur?
469 2953 509 3016 Se
546 2953 665 3021 utiame
681 2976 721 3018 ex
735 2953 895 3018 contrario
909 2963 1099 3040 argumenta
1111 2951 1237 3019 ducun-

238 3202 252 3229 Χ
268 3211 310 3240 om.
321 3193 352 3240 V.
362 3193 392 3246 C.
403 3192 485 3242 Absit,
496 3203 534 3256 ap.
546 3194 625 3240 Burm.
638 3199 701 3240 recte.
830 3199 845 3238 t
860 3209 901 3240 em.
913 3192 944 3240 G.
956 3202 978 3238 et
988 3192 1019 3239 at.
1032 3202 1068 3254 ap.
1082 3193 1160 3238 Burni.
1173 3198 1237 3240 rette.

207 3264 220 3293 2
237 3277 278 3306 sm.
290 3259 321 3305 G.
331 3258 395 3304 tent.
460 3265 471 3288 ⁸
489 3257 566 3304 servos
577 3259 608 3305 G.
673 3259 688 3299 b
706 3267 756 3319 pot.
768 3258 801 3304 est
813 3265 895 3304 tamen
907 3257 932 3303 in
944 3257 975 3304 G.
1040 3263 1051 3287 ²
1071 3255 1195 3306 effectibus
1206 3257 1237 3304 G.

206 3321 219 3357 θ
236 3323 342 3384 fugiebat
353 3333 375 3369 et
385 3337 444 3380 mox,
457 3321 609 3370 metuebatur
620 3322 651 3369 G.
716 3328 726 3351 e
745 3339 787 3370 om.
799 3323 830 3370 G.
841 3322 904 3369 tent.

244 3517 286 3565 26.
306 3515 345 3586 An
355 3514 480 3580 udaian]
499 3516 602 3586 Tetigit
616 3533 641 3581 5,
657 3533 699 3577 ro,
748 3514 798 3580 ita,
818 3514 849 3566 In
860 3513 970 3568 finitione
982 3512 1112 3568 formanda
1122 3514 1238 3586 potentis-

208 3587 253 3638 oo.
351 3605 354 3612 ·
747 3583 834 3646 fimum
851 3583 883 3636 est
900 3596 924 3636 et
944 3583 996 3636 vim
1015 3585 1148 3636 maximam
1165 3583 1241 3640 habet

245 3659 288 3706 28.
313 3651 616 3724 Potentt'ffima-irffania]
636 3655 699 3706 Haec
743 3651 962 3722 predicamentum
981 3651 1134 3724 qualitatis?
1158 3654 1240 3718 rursus

207 3723 247 3777 uel
258 3735 375 3794 corrupta
386 3723 451 3786 sunt,
462 3724 500 3776 vel
518 3725 554 3775 ita
571 3735 635 3784 certe
655 3725 699 3775 ab·
748 3722 857 3792 exempla
867 3723 982 3776 desidero.
1004 3721 1070 3776 Illud
1082 3722 1198 3804 suspicor,
1209 3742 1240 3776 a·

208 3806 282 3863 rupra
293 3806 317 3846 et
328 3793 422 3854 brevia,
434 3804 522 3845 utnon
533 3793 591 3845 satis
608 3792 700 3846 intelli·
748 3809 837 3844 morem
865 3804 889 3846 et
917 3791 1038 3864 insaniam
1061 3803 1180 3863 pertinere
1208 3788 1242 3852 ad

208 3875 277 3932 gam.
305 3864 366 3932 Age
385 3864 460 3925 enim,
472 3861 590 3933 Qalitas
605 3863 637 3914 ett
654 3881 699 3932 po·
748 3861 905 3983 puaestionem
916 3863 947 3914 de
962 3861 1061 3932 philtra,
1073 3863 1104 3916 de
1115 3880 1165 3932 qua
1181 3881 1241 3916 mox

208 3933 339 3986 tentitsrma
351 3935 377 3984 in
388 3931 508 4001 finitione.
536 3934 623 3984 Hosne
635 3931 699 3994 vult,
761 3970 767 3982 .
785 3951 826 3997 30.
850 3933 975 3984 Caererum
992 3943 1016 3984 et
1029 3932 1069 3984 hic
1080 3933 1189 3988 Fabium
1199 3933 1244 3986 de.

208 4006 307 4054 Statum
317 4001 446 4072 qualitatis
458 4003 540 4068 juvari
557 4020 572 4053 a
589 4001 701 4054 finitione
749 4001 842 4066 sidero3
864 4000 901 4054 sed
913 4002 967 4056 dixi
978 4001 1040 4055 ads.
1057 4021 1097 4054 12.

208 4083 233 4124 er
245 4072 436 4142 potentiltimum
454 4069 544 4133 terti
561 4071 624 4124 reite
644 4071 700 4124 tini·
786 4075 829 4122 28.
849 4071 931 4123 Cicero
941 4070 999 4123 dicit
1005 4071 1133 4143 proprias]
1147 4071 1239 4132 Partit.

209 4142 275 4194 tione
297 4143 395 4200 utaris?
421 4159 507 4194 rermn
534 4141 702 4194 declaratume
751 4144 794 4206 36.
807 4142 918 4194 nominat
923 4140 1176 4205 stmilia,santraria,
1187 4161 1242 4196 ron·

211 4212 257 4262 hoc
269 4211 380 4281 exemplo
390 4211 481 4264 amoris
491 4221 515 4262 et
525 4209 635 4283 irrfisniae,
645 4211 663 4262 i.
676 4229 700 4262 e.
741 4209 881 4280 sequentia.
894 4212 977 4262 Locus
990 4229 1034 4282 pro
1045 4212 1156 4276 cecina,
1168 4229 1243 4284 quem

210 4281 355 4339 nominibus
375 4280 415 4336 his
437 4281 502 4335 nude
524 4280 626 4356 potitist
656 4281 703 4336 Aa
751 4298 809 4339 mox
820 4279 914 4346 laudat,
926 4297 949 4334 c.
965 4299 974 4336 s
981 4299 1007 4354 5.
