3024 4912
236 419 291 496 148
470 415 515 476 M.
537 415 559 472 F
567 413 663 471 ABlI
686 409 1023 472 QUINCTILIANI

235 600 327 645 aures
348 561 520 666 praelertim
542 585 608 639 tam
634 573 783 638 delicatas
809 574 943 652 raderet,
964 573 1173 638 verebamur:
1200 591 1263 658 qua

234 665 356 731 ratione
370 662 418 726 sec
434 661 602 742 Lucretius
616 659 696 738 dicit
709 674 866 748 praeceptn
880 659 1088 746 philosophiae
1104 657 1260 722 cnr‘mine‘¹
1272 663 1295 726 4

236 750 296 848 esse
310 746 533 836 complexum:
557 767 696 832 namque
718 745 791 825 hac,
808 759 845 811 ut
859 746 901 810 est
917 757 1041 825 notum,
1057 741 1262 808 similitudine

237 847 340 899 utitur
352 859 360 896 r

320 954 372 1018 Ac
384 951 481 1016 ueluti
490 951 591 1042 pueris
606 949 753 1037 absinthia
768 921 844 1014 tetra
857 951 1000 1015 medentes

326 1039 400 1104 Cum
412 1037 486 1102 dare
500 1049 653 1115 conantur,
666 1037 749 1122 prius
764 1059 831 1102 oras
842 1036 945 1123 pocula
960 1037 1067 1101 circum

324 1123 518 1210 Aldspirant‘
534 1121 629 1186 mellis
642 1119 874 1209 dulciflpvoque
888 1120 1012 1208 liquore.

240 1267 275 1322 ct
312 1279 362 1320 uae
376 1255 561 1343 sequuntur.
598 1253 660 1318 Sed
675 1275 732 1318 nos
744 1253 754 1293 f
768 1276 922 1329 veremur,
938 1276 978 1318 ne
993 1275 1103 1340 parum
1116 1252 1171 1317 hic
1186 1251 1295 1324 liber5

241 1279 359 1419 mellis,
374 1352 407 1406 et
427 1339 574 1404 absinthii
597 1337 735 1404 multum
758 1338 876 1403 habere
891 1338 1046 1418 videatur,
1061 1339 1160 1424 fitque
1182 1337 1265 1402 salu-

241 1426 330 1491 brior
344 1423 465 1505 studiis,
482 1445 579 1512 quam
596 1423 732 1488 dulcior.
762 1423 851 1488 Quin
867 1423 963 1487 etiam
976 1434 989 1472 ⁸
1003 1422 1066 1487 hoc
1081 1423 1192 1503 timeo,
1208 1424 1266 1486 ne¹¹

242 1533 283 1576 cx
305 1533 343 1576 eo
358 1509 512 1574 minorem
550 1507 661 1573 retiam
677 1507 777 1587 ineat,
793 1507 879 1606 qnod
893 1508 1041 1594 pleraque
1055 1531 1120 1571 non
1141 1508 1269 1572 inventa

194 1665 198 1672 ,
241 1617 298 1682 per
311 1618 375 1674 me,
385 1593 437 1660 sed
451 1595 491 1658 ab
536 1594 576 1658 ris
589 1592 714 1674 tradita,
726 1594 919 1668 continebit:
936 1592 1051 1657 habeat
1065 1592 1158 1656 etiam
1175 1592 1268 1680 quos-

242 1681 330 1758 dam,
350 1680 404 1778 qui
425 1693 535 1744 contra
550 1677 686 1742 sentiant
710 1690 744 1742 et
764 1675 976 1756 adversentur,
996 1691 1160 1764 propterea
1182 1677 1270 1764 quod

243 1763 371 1850 plurimi
383 1765 537 1842 tutiores,
546 1763 690 1849 quamvis
704 1763 817 1828 eodem
832 1764 1008 1840 tenderent,
1020 1761 1151 1828 diversas
1162 1776 1270 1826 tamen

243 1849 310 1914 vias
332 1849 470 1913 inierunt
479 1848 499 1926 ¹,
515 1862 611 1934 atque
633 1848 665 1912 in
686 1847 771 1912 suam
792 1848 924 1935 quisque
946 1847 1073 1912 induxit
1093 1847 1269 1932 sequentes.

244 1933 298 1998 Illi
324 1948 430 1997 autem
452 1935 588 2019 probant
611 1933 845 2019 qualecumque
865 1933 988 2019 ingressi
1015 1933 1087 1996 sunt
1108 1931 1188 1995 iter:
1211 1917 1302 1995 ne06

243 2017 339 2084 facile
354 2018 527 2082 inculcatas
540 2019 646 2106 pueris
661 2017 866 2105 persuasiones
877 2018 1058 2096 mutaveris,
1071 2017 1146 2103 qnia
1159 2037 1270 2080 numo

245 2125 310 2169 non
326 2103 467 2167 didicisse
482 2103 614 2182 mavult,
631 2125 726 2191 qnam
742 2103 871 2166 discere.
908 2103 960 2164 Est
974 2114 1094 2182 autem,
1110 2114 1146 2164 ut
1158 2123 1269 2186 proce?
1283 2099 1301 2167 7

154 2256 156 2264 .
244 2189 343 2252 dente
365 2189 447 2252 libro
468 2189 601 2274 patebit,
618 2187 739 2252 infinita
759 2185 899 2250 dissenfio
920 2186 1096 2262 nudorum,
1111 2186 1213 2271 primo
1232 2187 1272 2250 ad

244 2295 294 2354 ea,
310 2295 382 2360 quae
396 2271 487 2337 rudia
501 2287 598 2360 atque
612 2271 797 2358 imperfecta
810 2270 915 2336 adhuc
930 2284 1031 2350 erant,
1048 2270 1272 2358 adjicientibus

279 2480 289 2503 ²
309 2490 350 2522 om.
361 2473 392 2520 G.
457 2469 467 2502 ‘¹
487 2471 509 2518 se
522 2471 561 2534 inst
573 2471 604 2518 G.
681 2477 690 2501 ⁸
712 2471 747 2519 Sic
763 2471 829 2518 etiam
846 2472 876 2518 G.
894 2471 1012 2534 adspirant
1031 2471 1092 2538 Vasc.
1112 2489 1183 2536 marg.
1199 2471 1271 2519 Colin.

213 2565 216 2570 ·
246 2549 269 2584 et
280 2537 355 2598 Steph.
372 2535 418 2585 Sed
428 2537 507 2597 Roign.
519 2538 543 2582 r'n
554 2547 625 2582 textu.
690 2533 699 2565 f
716 2551 782 2584 nuno
793 2537 824 2583 G.
841 2551 885 2583 nos
896 2537 1033 2584 nuncient.
1108 2545 1118 2574 ὅ
1137 2547 1161 2584 et
1177 2539 1230 2584 haec
1241 2539 1272 2584 G.

246 2601 259 2638 h
278 2615 305 2652 ut
316 2604 347 2650 G.
412 2600 417 2631 ί
437 2601 477 2648 Sic
488 2602 519 2648 G.
530 2601 593 2649 tens.
606 2602 748 2651 invenerunt
758 2600 830 2666 qued.
842 2610 878 2664 ap.
890 2603 970 2652 Burm.
987 2602 1127 2650 munierunt
1137 2601 1177 2648 rel.
1284 2655 1292 2668 ἱ
1335 2661 1342 2674 '

282 2781 312 2828 4.
332 2761 470 2828 Lucretius]
492 2761 537 2814 Bis
549 2760 640 2831 posuit,
653 2779 740 2832 nempe
786 2761 844 2814 usus
855 2772 880 2813 et
890 2761 1055 2830 significatio:
1074 2762 1179 2832 intelligi
1192 2774 1273 2814 tamen

252 2850 347 2901 r‚934.
360 2843 423 2895 et4,
438 2849 466 2884 11
482 2831 535 2900 sqq.
549 2833 673 2883 Caeterum
685 2851 739 2884 ver·
787 2831 871 2901 aliqua
898 2834 991 2882 ratione
1014 2831 1089 2901 potest
1116 2850 1145 2882 ex
1168 2829 1274 2884 formula

251 2905 278 2955 su
300 2901 373 2954 tertio
396 2899 495 2970 insignis
513 2900 545 2952 est
562 2903 677 2952 varietas.
708 2903 738 2953 In
787 2918 837 2953 non
852 2901 960 2953 dissimili
974 2903 1090 2952 Varronis
1106 2901 1183 2954 deR.
1197 2903 1230 2952 R.
1246 2921 1271 2962 2,

250 2972 368 3023 Lucretio
377 2970 442 3022 enirn
453 2971 548 3022 editum
565 2971 598 3020 est
615 2971 694 3021 adhuc
707 2973 739 3022 ab
789 2987 815 3030 2,
831 2973 872 3021 16.
885 2973 930 3022 ubi
941 2971 1046 3038 olfacere
1057 2971 1131 3020 labra
1146 2970 1210 3023 laete
1228 2971 1273 3038 fig-

249 3041 377 3099 omnibus,
395 3039 478 3100 credo,
497 3040 586 3106 (etiam
604 3041 629 3089 in
647 3042 738 3093 Veron.
788 3040 875 3092 nificat
894 3041 1044 3109 adspergere,
1069 3040 1149 3106 (quod
1169 3041 1274 3090 verbum

171 3137 174 3148 ·
253 3108 387 3172 1486.s.)
423 3107 570 3176 Contingunt
591 3107 666 3162 mellis
689 3110 739 3161 dcc.
788 3107 1082 3177 Lucretioquidnmlibri
1095 3107 1273 3174 hictribuunt)

252 3197 328 3248 quam
338 3178 463 3228 vimverbi
472 3177 559 3228 multis
568 3177 656 3246 probat
664 3179 740 3230 Lam-
789 3189 813 3229 et
829 3174 911 3247 sapore
929 3177 970 3228 illo
991 3175 1056 3244 quasi
1077 3177 1194 3229 imbuere.
1215 3177 1273 3231 Vid.

253 3249 338 3310 binus,
360 3259 385 3297 et
406 3246 480 3314 potest
502 3264 530 3297 ea
553 3245 690 3298 confirmari
711 3265 742 3299 ex
789 3246 950 3298 indexnoller
962 3245 979 3296 s.
993 3247 1100 3296 Lexicon
1112 3247 1171 3297 rust.

253 3315 393 3368 Columella
405 3336 430 3381 9,
444 3321 470 3376 8,
483 3321 509 3366 8.
522 3327 547 3366 et
560 3333 585 3376 7,
600 3320 625 3374 8,
638 3333 665 3378 4.
685 3317 742 3368 Pri·
802 3333 805 3341 ⁸
827 3333 853 3382 ς.
870 3315 933 3367 vias
943 3313 1062 3379 inierunt]
1082 3315 1180 3367 Viveret
1199 3316 1275 3366 Fran-

253 3404 294 3437 ore
307 3387 361 3437 loco
371 3395 446 3454 apum
456 3395 529 3452 terga
543 3383 643 3453 festucis
659 3385 741 3437 rubri·
789 3385 854 3447 cius,
876 3385 1036 3436 deletiaretur
1060 3385 1112 3436 sane
1132 3383 1277 3450 conjetlurae

224 3519 225 3522 Ἴ
252 3473 284 3506 ca
300 3455 369 3508 illitis
385 3453 491 3522 contingi
506 3455 634 3514 dicuntur,
655 3455 749 3515 altero.
773 3455 850 3515 ysuae,
863 3455 933 3519 cujus
951 3453 1032 3509 testem
1049 3466 1073 3504 et
1091 3454 1224 3524 plausorem
1237 3456 1276 3506 hic

247 3525 304 3595 sale
315 3527 405 3593 caseus,
417 3524 443 3574 h.
457 3541 479 3574 e.
493 3523 614 3593 adspergi.
635 3523 743 3592 Simplex
790 3524 865 3575 habet
882 3523 1062 3584 Burmannum,
1086 3536 1196 3594 potentes
1219 3526 1279 3575 adeo

253 3596 441 3660 verbumtango
455 3593 539 3644 eodem
557 3591 744 3662 modoulirrpa-
791 3593 962 3662 suffragatores
985 3593 1084 3644 exstare.
1118 3595 1161 3644 Ac
1184 3605 1278 3660 poterat

252 3667 285 3725 ri,
293 3662 432 3722 'conllan'et
441 3665 580 3714 notavimus
592 3663 706 3728 quaedam
718 3664 750 3714 in'
792 3661 881 3714 sanein
892 3679 945 3714 eam
957 3661 1046 3729 aliquis
1055 3663 1228 3729 cogitationem
1241 3659 1278 3712 sa-

254 3735 318 3784 Lex.
331 3733 366 3784 rei
376 3731 435 3790 rust.
462 3733 552 3798 Itaque
566 3731 596 3782 de
608 3731 744 3784 Latinitate
792 3731 839 3784 cile
849 3731 940 3797 venire,
951 3748 1000 3781 non
1011 3731 1041 3780 de
1051 3731 1189 3791 munienda,
1201 3747 1279 3798 neque

176 3849 178 3856 ,
254 3819 304 3854 non
315 3801 479 3871 disputamus.
509 3800 745 3853 Sedcumconslan-
792 3800 824 3852 de
833 3799 985 3854 invenienda
997 3799 1065 3859 adeo,
1079 3799 1117 3851 sed
1133 3800 1163 3853 de
1171 3801 1279 3860 ineunda

256 3883 294 3922 ter
313 3871 373 3922 adeo
393 3869 524 3939 Adspirant
544 3871 662 3921 habeatur
679 3871 746 3938 apud
793 3869 887 3922 viahic
904 3867 1135 3928 sennonemeffetn
1152 3885 1227 3937 quam
1238 3870 1280 3937 se-

255 3941 374 4001 Fabium,
395 3957 439 3991 nec
458 3938 605 3991 dissimulent
624 3937 746 3991 Gisaniue
810 3936 1056 3990 uentesinduxerr'ntr
1069 3926 1280 4006 sesqltunturenim
1386 3954 1388 3958 ·

257 4025 288 4062 ac
304 4009 453 4069 Lambinus,
472 4007 516 4060 else
536 4009 612 4060 etiam
634 4009 747 4063 Lucretii
793 3957 906 4060 lomines
917 4025 966 4058 non
978 4007 1074 4074 eosqui
1085 4005 1193 4064 muniere,
1205 4008 1281 4065 viam,

257 4080 346 4138 libros,
359 4080 402 4146 qui
415 4077 475 4128 illud
487 4077 634 4146 agnoscente
649 4077 746 4128 videtur
795 4077 834 4128 sed
847 4077 891 4144 qui
900 4075 1019 4132 inierunt.
1038 4077 1079 4128 Sic
1090 4075 1179 4138 statim,
1190 4074 1285 4145 ingreffl

257 4164 356 4200 resnou
374 4147 475 4216 indigna
489 4147 664 4206 observatione,
676 4157 747 4196 tanto
787 4147 848 4218 sunt
858 4145 913 4198 iter.

172 4218 174 4222 ’
257 4217 340 4287 magis
351 4233 409 4270 cum
422 4217 569 4274 reconditior
587 4217 614 4269 fit
626 4215 667 4268 ille
678 4216 747 4270 vocis
