3000 4908
108 329 114 337 ’
224 397 286 456 309
457 375 1011 440 uruuuuuurucnmuur

220 561 308 620 nora,
325 561 365 606 ex
379 541 389 580 ¹
401 539 577 608 minoribus
592 541 633 606 ad
647 541 766 628 majora
779 541 951 606 ducuntur.
996 539 1031 604 Si
1045 550 1167 628 prepter
1179 564 1246 604 ma-

220 627 356 690 trimonia
381 626 497 692 violata
522 627 608 692 urbes
632 629 742 712 eversae
757 629 847 712 sunt,
881 625 935 690 reid
943 623 1022 712 fieri
1043 625 1175 690 adultero
1186 641 1248 712 par

219 709 286 796 etl?
319 709 475 791 Tibicines,
503 735 566 776 enm
596 711 634 774 ab
662 712 734 776 urbe
763 711 837 808 disee
859 711 953 797 efflent,
974 709 1091 796 publice
1118 710 1248 776 revocati

208 797 310 882 fient:
331 809 440 882 quanto
456 797 552 884 magis
562 796 711 885 principes
727 796 859 860 civetates
873 795 951 872 viri,
963 808 992 858 et
1007 794 1076 858 bene
1090 795 1126 858 de
1139 797 1245 884 repub-

219 877 279 944 lica
301 880 407 958 meriti,
424 905 488 946 cum
513 880 641 944 invidiae
665 879 803 964 ceffirint,
819 881 856 944 ab
878 879 964 946 exilio
985 880 1172 944 reducendi?
1192 878 1248 946 Ad
1260 892 1303 939 10

219 965 475 1030 exhortationem
489 987 563 1032 vero
575 965 735 1062 praecipue
755 965 861 1031 velent
881 963 1022 1052 imparia.
1067 963 1246 1046 Admirabi-

219 1049 278 1114 tier
291 1049 323 1114 in
339 1049 466 1132 femine,
481 1073 571 1136 qnam
591 1050 623 1114 in
637 1074 715 1129 vera,
731 1050 840 1114 virtus.
885 1049 1005 1130 Quare,
1022 1049 1041 1112 fi
1062 1048 1101 1112 ad
1122 1047 1247 1116 fortiter

108 1203 113 1218 ⁸
218 1133 398 1198 faciendum
421 1135 611 1200 accendatur
631 1134 758 1222 aliquis,
782 1157 846 1198 non
868 1146 994 1198 tantum
1015 1133 1146 1198 afferent
1171 1155 1245 1200 uro-

217 1220 320 1284 menti
336 1219 490 1284 Horatius
505 1232 538 1284 et
552 1221 746 1306 Torquatus,
760 1231 913 1306 quantum
934 1217 989 1282 illa
1010 1217 1137 1297 mulier,
1152 1219 1247 1306 cujus

217 1325 318 1368 manu
333 1305 471 1391 Pyrrhus
492 1305 534 1368 est
548 1303 732 1370 interfedus
748 1328 756 1367 ε
780 1303 868 1368 etad
882 1301 1083 1368 moriendum
1099 1325 1163 1366 non
1178 1318 1246 1370 tam

220 1389 301 1453 Cato
312 1402 346 1454 et
361 1389 480 1476 Scipio,
493 1411 588 1476 quam
603 1389 753 1454 Lucretia
766 1411 776 1451 r
791 1387 877 1474 quod
892 1387 1045 1474 ipsuruest
1055 1410 1094 1452 ex
1109 1387 1243 1462 minori-

218 1473 279 1554 bus
292 1484 310 1512 ⁸¹
331 1473 372 1538 ad
386 1472 524 1556 majora„
560 1473 694 1559 Singula
707 1473 808 1562 igitur
823 1473 937 1537 horum
952 1493 1107 1560 generum
1124 1495 1163 1536 ex
1186 1473 1242 1538 Ci-
1258 1465 1295 1534 ll

218 1577 334 1622 nerone
359 1563 446 1641 (nam
471 1557 557 1622 unde
577 1559 683 1644 potius
696 1560 723 1639 l)
754 1557 899 1644 exempla
921 1579 1090 1644 ponamus.
1133 1558 1245 1624 Simile

217 1643 260 1706 est
274 1641 336 1708 hoc
350 1665 408 1728 pro
423 1645 580 1724 Muraena,
596 1642 719 1706 Etenim
733 1643 875 1730 mihiipsi
893 1641 1011 1722 accidit,
1027 1655 1062 1706 nt
1082 1667 1147 1706 nem
1168 1646 1243 1708 duu—
1281 1661 1285 1668 “
1367 1651 1369 1655 ’

219 1727 272 1790 bas
286 1726 432 1813 patriciis,
448 1726 540 1792 alteru
555 1725 754 1816 improbiffimo
764 1725 1062 1815 etqaestudeerfflmu,
1074 1727 1166 1792 altero
1181 1753 1242 1793 mu-

217 1811 366 1898 deflffmn
379 1825 468 1900 atque
488 1813 593 1901 eptimo
606 1801 684 1890 viri,
695 1825 821 1900 peterem
836 1837 847 1876 .·
858 1811 1004 1900 steperavi
1019 1823 1118 1876 tamen
1138 1814 1171 1875 di
1193 1815 1243 1878 ni-

217 1907 278 1960 tate
294 1897 469 1975 Catilinam,
482 1897 589 1986 gratia
607 1895 758 1962 Galbam:
781 1895 889 1994 Majus
902 1895 1016 1962 mitiori
1035 1945 1046 1977 ,
1061 1920 1119 1984 pro
1181 1891 1242 1964 ilo-

217 2005 270 2064 ue,
286 1981 333 2046 Ne
355 1995 420 2062 ent,
435 1983 543 2060 intueri
563 1983 654 2046 lucem
675 1981 726 2066 effe
738 1981 850 2068 fasee,
887 1981 918 2044 ui
932 2007 952 2044 a
962 1984 1000 2068 se
1014 1920 1154 2046 lanimem
1168 1985 1242 2048 acei-

205 2068 276 2158 fiem
291 2008 499 2154 effifhteatnr.
522 2068 559 2130 Ia
574 2093 635 2156 qua
650 2067 768 2131 tandem
781 2068 852 2130 urbe
866 2006 934 2130 locu
949 2065 1244 2154 hominesjlnltiffimi
1256 2079 1297 2132 12

197 2154 199 2160 ’
216 2153 399 2242 disputent?
420 2168 519 2241 nempe
533 2153 565 2216 in
579 2178 624 2230 ea,
639 2176 708 2250 quae
717 2151 846 2248 primenti
856 2151 1006 2240 judicium
1020 2153 1056 2216 de
1075 2154 1169 2241 eapite
1188 2155 1240 2220 ui-

215 2217 261 2301 dit
279 2237 333 2301 M.
357 2237 481 2300 Horatii
490 2236 646 2324 fhrtifflmr
670 2236 745 2313 vire,
767 2236 830 2322 qni,
846 2237 974 2300 nandum
995 2236 1089 2302 libera
1110 2238 1243 2320 civitate,

216 2332 346 2410 tamenp
383 2321 428 2386 uli
441 2307 569 2386 Romani
582 2321 701 2386 comitiis
716 2320 858 2385 liberatus
872 2321 920 2408 est,¹
935 2346 998 2386 eum
1012 2323 1076 2408 sua
1090 2327 1241 2411 manusp-
1282 2341 1285 2344 ·
1314 2389 1318 2398 ,

214 2415 307 2470 rorem
321 2433 336 2469 e
357 2407 564 2492 eiaterfeetam
573 2407 750 2505 sereretur:
773 2407 885 2472 Minus
899 2405 1038 2492 majoris,
1056 2407 1168 2488 Occidi,
1183 2433 1243 2474 nen

134 2543 138 2546 -
216 2491 357 2639 {parium
372 2491 513 2570 Melinm,
529 2516 581 2580 qur
595 2515 714 2556 annona
730 2491 872 2570 levanda,
887 2491 1069 2580 judamque
1081 2493 1125 2556 rei
1138 2493 1241 2578 femi-

229 2578 312 2656 raris,
329 2577 399 2664 quia
412 2577 498 2640 nimis
513 2575 648 2664 amplecti
663 2576 776 2664 plebem
776 2575 953 2724 putabatur
964 2589 989 2654 ⁰,
1003 2577 1035 2640 in
1046 2578 1089 2664 sn
1097 2579 1243 2666 pieionem

216 2661 319 2724 decidit
332 2663 418 2748 regni
433 2662 602 2750 appetendi,
616 2664 677 2726 &a
699 2659 774 2724 dein
796 2684 826 2738 e,
845 2660 906 2724 Sed
922 2685 985 2724 enm
1010 2667 1042 2746 (a
1100 2675 1143 2726 ret
1164 2664 1240 2728 enim

214 2747 320 2826 dicere,
335 2771 398 2812 cum
409 2746 541 2834 patriam
553 2745 681 2832 periente
703 2745 860 2832 libereffet)
878 2747 962 2810 en'us
982 2745 1129 2833 nefarium
1147 2747 1238 2816 adut-

214 2831 318 2896 tirium
330 2833 362 2896 in
379 2831 601 2918 pulvinaribus,
616 2843 648 2896 et
671 2843 758 2896 totus
779 2831 812 2894 in
830 2829 890 2895 Clo
914 2831 982 2896 'um
995 2831 1098 2896 locus.
1142 2833 1293 2920 Didi-13

214 2917 284 2980 mile
297 2917 426 3004 pluresl’
440 2917 578 2982 cauffasu
595 2916 712 2982 habet:
737 2915 772 2978 fit
787 2915 873 2980 enim
886 2939 1005 3002 genere,
1020 2919 1113 2997 moda,
1128 2929 1237 3006 tempn-

247 3101 472 3160 rex-majoram.
484 3101 515 3150 G.
603 3105 622 3130 Μ
642 3099 772 3159 majoribus
782 3102 814 3150 ad
824 3101 957 3149 minorue.
967 3101 1033 3153 lens.
1111 3117 1126 3146 ι
1141 3106 1240 3156 haecG.
1330 3155 1343 3168 ,

215 3167 369 3214 *ridebatur
379 3165 410 3215 G.
421 3165 484 3214 lent.
548 3165 745 3229 Perseirpliid.
840 3166 936 3214 reatus
947 3166 978 3214 G.

155 3381 159 3390 ,
230 3341 275 3396 ’9.
295 3324 574 3392 fidicines-revocati]
594 3325 701 3378 Historia
751 3327 878 3388 Metellus,
907 3327 1010 3380 alterum
1037 3326 1089 3396 post
1117 3327 1238 3384 Catonem

190 3433 192 3436 -
214 3416 244 3454 ex
255 3399 313 3450 Liv.
328 3418 353 3464 9,
368 3415 410 3462 30.
423 3397 510 3450 Potuit
521 3397 580 3446 huic
592 3397 702 3466 exemplo
751 3397 956 3467 Pompeianarum
978 3397 1137 3465 reliquiarum
1161 3399 1237 3452 decus

214 3468 283 3521 locus
300 3465 354 3527 effe,
365 3480 389 3520 er
405 3465 468 3518 t'orte
486 3463 544 3516 usus
557 3464 599 3516 illo
611 3465 701 3534 aliquis
751 3466 877 3526 etlumen,
889 3466 919 3518 de
935 3483 987 3536 quo
1003 3467 1092 3519 Florus
1111 3482 1139 3529 4,
1152 3487 1177 3529 2,
1191 3472 1236 3522 68.

214 3538 255 3598 est,
268 3555 326 3588 cum
337 3538 367 3590 de
379 3537 497 3590 Cicerone
509 3535 643 3586 revocando
654 3536 700 3586 ser-
751 3535 815 3598 Jam
827 3534 904 3604 Scipio
915 3552 986 3586 nave
990 3535 1104 3604 fugiebat
1114 3557 1121 3586 ε
1132 3537 1181 3604 sed
1189 3534 1237 3589 adss

214 3607 331 3660 incesset.
741 3604 833 3673 ¹secutis
854 3621 907 3656 eum
930 3603 1038 3674 hostibus,
1058 3603 1168 3672 gladium
1189 3615 1240 3675 per

142 3737 145 3740 ¹
232 3681 294 3728 ¹10.
313 3675 421 3740 Pyrrhus
431 3673 584 3741 interfatus]
606 3672 636 3722 ln
649 3689 700 3723 me·
749 3671 849 3742 viscera
865 3673 963 3741 ¹exegit:
990 3684 1023 3734 et,
1043 3671 1162 3742 ubieffet,
1178 3693 1236 3745 qao-

213 3746 264 3798 diis
276 3737 366 3815 Argis,
379 3745 463 3812 tegula
476 3747 500 3795 'ru
513 3744 591 3812 ipsum
608 3741 701 3806 dejeeta
743 3743 806 3793 dam
825 3742 971 3812 requirente,
993 3741 1113 3813 respondit
1135 3741 1176 3795 hec
1198 3744 1236 3816 r'p-

214 3815 349 3876 muliere,
359 3815 430 3878 cujus
441 3813 578 3882 fitiumipse
590 3811 699 3881 petebat.
740 3811 808 3882 sum,
831 3825 907 3882 BENE
929 3826 960 3864 su
982 3827 1083 3866 HABET
1104 3827 1237 3868 IMPERA-
1269 3834 1271 3840 ·

213 3883 350 3954 Graphice‚
369 3893 399 3934 ut
417 3882 484 3942 solet,
508 3891 581 3950 atque
606 3881 649 3942 ita,
672 3890 703 3932 uu
750 3885 830 3932 Tou!
848 3880 968 3948 Reliquos
979 3880 1019 3932 hic
1031 3881 1116 3934 laudat
1126 3883 1235 3938 Freinlh.

213 3953 319 4008 interesse
337 3963 361 4004 te
384 3964 465 4020 putes,
486 3964 589 4002 mortem
612 3949 702 4002 Prrhi
787 3967 829 4000 rr.
843 3951 1030 4020 proMuraena]
1050 3969 1073 4002 e.
1088 3954 1236 4021 8.proMi.

212 4024 327 4075 describit
345 4021 493 4074 Plutarchus
514 4023 540 4072 in
558 3969 651 4073 Parall.
671 4039 696 4088 p.
748 4017 799 4069 lon.
813 4036 834 4070 c.
851 4037 874 4082 3.
887 4030 944 4070 etc.
958 4038 1001 4081 27.
1015 4037 1059 4088 pro
1068 4019 1184 4072 Cluentio
1192 4023 1236 4074 de.

214 4110 274 4161 741.
289 4093 324 4143 H.
336 4091 421 4170 Steph.
472 4087 479 4097 ”
746 4089 822 4156 nique
842 4087 903 4138 illud
923 4089 954 4140 de
973 4089 1004 4141 P.
1017 4087 1141 4142 Africano
1152 4107 1175 4142 e.
1188 4097 1235 4156 48.

250 4181 292 4216 ιο.
320 4160 410 4228 Scipio]
437 4160 476 4212 Ne
497 4159 554 4226 quis
584 4157 627 4210 hic
637 4165 699 4208 erret
746 4173 805 4214 nam
821 4169 910 4210 caerera
925 4175 967 4226 per
985 4158 1102 4228 majorem
1118 4161 1237 4220 orationis

212 4221 270 4284 euin
281 4230 426 4292 Mosellam,
432 4229 469 4282 'est
481 4225 521 4282 ille
533 4225 699 4302 QCaecilius
748 4238 842 4298 paetum
854 4225 941 4298 sparsa.
