2938 4910
373 340 542 402 INSTIT.
563 335 767 404 ORATOR·
788 339 872 401 LIB.
892 338 948 402 VI.
966 355 999 416 3.
1147 327 1219 418 333'
1365 437 1366 444 ἵ

173 515 238 584 tut,
262 513 297 570 et
315 502 500 656 siwerbint
525 517 567 589 op
663 523 706 568 ne
722 514 857 590 aptata:
894 506 954 573 utu
977 501 1120 575 hominm
1146 525 1206 570 ue,

173 611 271 676 quam
284 591 291 630 ¹
328 589 414 674 apso,
430 593 474 667 e't,
488 600 526 654 nt
540 589 569 654 al
583 604 739 666 oneretur,
756 587 895 676 roganti,
912 587 1014 656 Tollot
1028 599 1069 669 te,
1083 591 1135 676 qui
1149 607 1208 663 aaa

119 672 161 758 98
174 676 301 743 rovira.
345 675 394 740 Ex
420 673 546 741 historia
567 675 665 742 etiam
688 673 826 738 ducerer
850 673 1076 754 urbanitatem,
1097 674 1206 752 erudi*¹

120 797 121 802 κ
174 773 266 828 tum:
291 772 328 824 nt
343 759 458 824 Cicero
473 759 561 838 fecit,
577 758 698 824 cumei
714 759 822 824 testem
837 757 871 823 in
886 758 1013 845 judicio
1027 760 1136 828 Verris
1152 781 1206 827 ro·
1459 835 1460 838 Ἴ

172 845 264 933 genti
294 844 416 910 dixisset
443 845 643 921 Hortensrus,
671 843 741 915 Non
767 841 902 930 intelligo
927 845 991 908 haeo
1018 846 1206 932 aenigmata:
1460 843 1461 932 i

172 931 271 1019 Atqui
283 931 379 1011 debes,
395 929 513 1016 inquit,
530 955 594 994 cum
610 930 771 1017 Sphingem
791 930 868 995 domi
888 929 1020 994 habens:
1042 944 1210 1016 acceperat,
1460 939 1461 978 s

173 1030 280 1084 antem
304 1015 358 1082 ilie
382 1039 401 1080 a
425 1017 525 1080 Verre
549 1013 649 1101 Sphin
675 1037 727 1080 em
751 1032 1025 1100 aeneem'magnae
1048 1015 1205 1101 pecnnia.

119 1117 161 1184 99
175 1101 370 1188 subabsurda
384 1101 438 1166 illa
453 1101 595 1166 constant
609 1038 710 1168 sinitis
721 1113 734 1140 ⁰
749 1099 840 1164 simili
855 1098 1046 1178 imitatione,
1062 1113 1096 1164 et
1119 1123 1215 1188 qna,-

172 1187 228 1254 nisi
250 1187 422 1274 fingantur,
439 1186 531 1252 stulta
552 1186 644 1250 sunt:
668 1198 717 1264 ut,
733 1184 789 1270 qni
811 1184 1015 1262 mirantibus,
1031 1185 1120 1271 quod
1142 1186 1206 1252 hu.

77 1297 81 1307 ·
172 1274 252 1344 mile
270 1271 496 1338 candelabrum
519 1271 652 1350 emisset,
668 1270 881 1356 Pransoriumt’
898 1270 965 1350 erit,
981 1271 1098 1356 inquit.
1143 1272 1207 1340 Sed

172 1357 232 1424 illa
243 1357 362 1443 fimilin
377 1357 513 1442 absurdis
527 1356 600 1422 sunt
613 1356 707 1435 aonia,
721 1379 795 1441 quae
819 1369 982 1440 tamquam
998 1355 1061 1420 fine
1082 1355 1207 1425 ratione

96 1469 98 1474 ·
174 1443 261 1511 dieta
274 1442 429 1520 feruntur,
447 1455 483 1508 ut
498 1442 602 1508 servus
617 1440 809 1518 Dolabella,
824 1461 900 1507 cnm
919 1440 1170 1528 interrogaretur
1180 1453 1216 1521 ἢ.

174 1549 215 1594 an
236 1527 387 1595 dominus
413 1525 482 1613 ejun
506 1526 687 1592 aunionem
700 1525 914 1612 proposuisset,
931 1525 1071 1604 Domum,
1088 1526 1206 1613 inquit,

119 1646 164 1682 roo
175 1613 324 1678 vendidit.
367 1611 562 1699 Deprehensi
577 1612 705 1682 interim
720 1610 874 1696 pudorem
887 1611 979 1676 sunm
994 1611 1133 1678 ridiculo
1145 1611 1207 1679 ali-

175 1720 241 1784 quo
252 1695 426 1783 explicent:
444 1707 493 1775 nt,
501 1697 558 1784 qui
569 1696 678 1765 testem
687 1697 849 1770 dicentem
858 1696 982 1761 seareo
992 1696 1206 1777 vulneratum,

174 1782 436 1869 interrogaverat,
457 1782 512 1846 An
535 1783 681 1868 cicatrices
707 1782 856 1847 haberet?
877 1804 950 1846 eum
967 1781 1022 1846 ille
1038 1782 1206 1868 ingentem

174 1866 209 1932 in
225 1868 346 1932 femore
366 1865 553 1946 ostendisset,
569 1868 679 1946 Lotus,
694 1866 811 1952 inquit,
827 1867 986 1954 oportuit&
1025 1867 1205 1944 Contume÷

173 1951 244 2018 liis⁸
259 1973 389 2054 quoqne
403 1953 455 2018 uti
467 1953 554 2020 belle
567 1953 675 2018 datur:
693 1964 731 2018 ut
744 1952 845 2038 Hispo
860 1951 1025 2038 objicienti
1037 1953 1100 2016 bist
1116 1975 1219 2026 acer-5

174 2038 233 2102 bn'⁸
254 2038 390 2104 crimme
403 2037 587 2116 accusatori,
603 2037 759 2117 Mentiris,
773 2036 891 2124 inquit.
926 2039 970 2102 Et
985 2037 1114 2105 Fulvius
1128 2059 1204 2124 pror
1292 2051 1294 2056 ’

173 2123 313 2210 pinquua
332 2125 456 2210 Legato
471 2123 751 2212 interrogantian
772 2123 805 2189 in
826 2121 956 2204 tabulis,
970 2145 1049 2209 quas
1063 2127 1205 2209 protere·

207 2349 218 2381 Ι
236 2345 308 2392 verba
318 2345 349 2390 G.
436 2344 449 2375 ἵ*
467 2347 497 2392 de
508 2346 548 2408 infi
559 2345 641 2406 Regius
652 2359 679 2391 err
690 2343 743 2404 roni.
755 2361 819 2408 quem
827 2344 920 2408 stqmrti
926 2343 1010 2405 psum.
1097 2342 1103 2375 ¹
1122 2343 1163 2393 Sic
1172 2348 1204 2396 G.

174 2409 237 2456 Voss.
251 2425 273 2456 2.
289 2410 390 2456 homme
399 2409 462 2456 Jens.
474 2420 497 2454 er
506 2409 537 2456 al.
647 2407 665 2438 '¹
684 2421 762 2468 neque
773 2408 804 2456 G.
818 2409 876 2470 (vid.
886 2409 918 2455 ad
926 2411 951 2466 6,
961 2423 986 2470 4,
1002 2424 1022 2456 1.
1034 2425 1068 2471 no.
1080 2407 1116 2470 u.)
1129 2425 1205 2471 qnam

175 2472 265 2538 qnidam
284 2472 351 2520 cada
363 2482 402 2534 ap.
413 2474 491 2520 Burm.
502 2474 527 2520 in
539 2487 627 2533 aquam
644 2473 708 2520 Jens.
720 2483 741 2518 et
752 2471 792 2520 rel.
816 2474 889 2522 Quam
907 2474 984 2520 damur
1002 2473 1122 2531 lectionem,
1133 2493 1205 2524 eamr

174 2537 266 2584 Francia·
280 2537 357 2586 Codice
365 2535 476 2598 prolatam
478 2537 530 2612 jam
536 2538 642 2600 probarat
653 2539 801 2584 Burmannus.
867 2543 885 2568 ω
903 2540 970 2586 venit
981 2539 1013 2585 G.
1088 2544 1099 2567 ¹¹
1118 2539 1204 2592 docete

173 2601 237 2648 iens.
313 2609 324 2630 ⁰
343 2599 659 2650 stnstiffimirmit.G.Jens.
734 2607 903 2662 Ppramurnm
914 2603 944 2650 G.
1021 2601 1205 2664 qinterrogaret

175 2666 206 2713 G.
217 2665 280 2712 Jens.
378 2667 604 2726 *opportuniora
701 2665 756 2712 siis
769 2667 799 2712 G.
810 2667 872 2714 sens.
963 2665 1161 2725 tobjicientibus
1172 2670 1202 2718 G.
1288 2696 1290 2704 π

175 2736 187 2760 “
206 2731 288 2778 arbore
298 2730 328 2778 G.
340 2731 421 2778 ardore
429 2731 494 2778 sens.
1066 2755 1068 2760 ·

210 2945 253 2992 97.
273 2923 362 2977 homini
376 2942 480 2996 nequam
495 2925 572 2996 lapso]
592 2927 664 2977 Sum·
712 2923 765 2987 tito,
778 2924 835 2978 satis
846 2926 981 2979 declamet.
1212 2943 1214 2953 ·

175 3007 241 3058 tum,
261 2996 332 3065 quod'
349 2996 400 3062 jam
419 2997 516 3066 Regius
540 2997 613 3055 vidit,
633 3013 663 3046 ex
750 3011 810 3047 too.
828 2997 932 3048 Fulvius
944 2993 1105 3066 propinquus]
1132 3001 1202 3074 Qid

175 3068 267 3118 Horat.
280 3064 349 3136 episi.
365 3084 389 3126 r,
404 3085 446 3130 17,
461 3070 502 3131 58.
528 3062 579 3118 Nec
604 3065 666 3116 emel
707 3063 854 3186 prepinlffnus
865 3069 906 3119 hic
919 3065 962 3119 sibi
979 3065 1050 3128 velit,
1060 3085 1091 3118 an
1109 3087 1199 3141 cogno.

175 3135 263 3208 irrisus
273 3133 361 3188 triviis
372 3136 480 3188 attollere
491 3145 563 3187 curat
593 3137 661 3186 ratio
711 3151 767 3185 men
798 3145 827 3195 rt,
847 3136 885 3188 vel
908 3147 973 3188 certe
994 3135 1038 3187 snb
1059 3155 1089 3204 eo
1107 3137 1201 3208 lateam

173 3223 247 3258 crure
254 3205 482 3274 planum-Qut
495 3205 661 3275 peregrinum,
710 3207 770 3271 quis
782 3205 906 3273 Legatum
925 3207 952 3258 in
970 3222 1022 3274 qno
1032 3205 1091 3258 item
1103 3207 1131 3260 fit
1142 3229 1202 3264 con.

174 3275 275 3328 vicinia
286 3285 366 3326 roura
376 3277 505 3327 reclamat.
711 3273 836 3326 tumeliose
846 3275 957 3342 ditium
976 3293 1025 3327 non
1037 3275 1095 3328 satis
1106 3298 1146 3332 me
1157 3283 1202 3334 ad.

213 3365 257 3412 99.
272 3344 430 3412 Prnnsorinm
438 3345 498 3410 erit]
513 3344 565 3396 Ubi
576 3359 663 3414 nempe
711 3342 789 3412 sequi,
801 3341 889 3395 fateor.
916 3346 954 3397 Co
974 3345 1067 3398 itabam
1084 3348 1115 3400 de
1130 3351 1201 3404 testa.

176 3411 248 3482 piane
259 3412 313 3463 lnce
325 3413 394 3464 illata
405 3431 454 3464 non
465 3413 587 3483 estopnsr
607 3427 635 3465 ut
646 3411 663 3464 ti
712 3415 789 3464 menti
806 3413 895 3465 tabulis
910 3425 935 3466 et
950 3361 1029 3483 {gato
1040 3415 1066 3466 in
1078 3418 1120 3479 iis,
1133 3423 1200 3490 quod

175 3483 234 3551 quis
250 3498 345 3534 navem
362 3484 486 3544 rimosam,
498 3501 555 3552 quae
572 3499 664 3552 aquam
708 3481 840 3553 propinquo
852 3484 926 3536 alieni
943 3484 1060 3554 scriptum
1077 3487 1142 3550 esset,
1154 3491 1201 3543 ser-

176 3551 662 3621 nonexciudat,terrestremsacerevelit.
713 3569 810 3604 monem
830 3551 889 3604 esser
912 3551 1034 3624 placebat,
1047 3557 1115 3622 qnod
1135 3559 1203 3612 Bur.

176 3623 388 3676 Candelabrornm
405 3622 463 3672 usus
481 3621 621 3694 praecipnus
638 3624 664 3673 in
713 3637 818 3673 mannus
830 3623 876 3683 ait,
886 3623 1062 3674 contumeliam
1080 3625 1105 3676 in
1122 3645 1151 3679 eo
1163 3633 1202 3681 in.

175 3694 265 3744 coenis.
412 3705 414 3712 ’
595 3713 598 3720 ’
713 3689 765 3751 esse,
778 3692 844 3760 quod
860 3693 942 3743 verbis
962 3693 1110 3746 treverus!
1128 3715 1202 3751 accu-

215 3781 274 3814 roo.
289 3760 487 3830 Latusrportuit]
499 3762 578 3814 Latus
590 3773 614 3811 et
625 3760 663 3811 vi·
713 3761 806 3811 senemr
825 3761 938 3824 Fulvius,
960 3760 1047 3813 falsum
1068 3763 1202 3835 aliqnando

176 3829 237 3882 talia
260 3844 340 3900 petere
361 3831 466 3882 debebat
489 3832 565 3882 cliens
583 3847 662 3892 meus,
713 3831 806 3899 thirog.
815 3830 906 3900 aphnm
918 3831 1052 3900 protulisse.
1067 3835 1112 3886 Sed
1123 3839 1202 3891 nebu.

176 3915 228 3978 quo
249 3903 329 3954 minus
346 3917 411 3952 nnnc
429 3899 509 3952 dicere
528 3913 613 3952 contra
626 3903 663 3969 ip·
713 3898 745 3949 lis
756 3913 838 3950 tamen
850 3901 887 3951 vel
899 3902 1006 3953 tenebris
1024 3903 1107 3971 potius
1124 3907 1203 3962 obsita

176 3969 405 4022 tumrestimonium
422 3969 513 4042 posses:
534 3970 599 4040 quast
618 3969 663 4020 sto·
712 3971 804 4020 omnia.
832 3971 916 4021 Etiam
936 3969 977 4022 ille
993 3971 1134 4042 scrupulum
1146 3995 1202 4029 mo.

175 4039 365 4092 machabnndns
382 4041 429 4092 hoe
449 4041 521 4102 dicit,
542 4058 592 4108 qno
613 4038 664 4110 ipso
711 4051 762 4098 vet,
783 4039 827 4106 qni
848 4038 884 4090 H.
906 4042 1056 4110 Stephanum
1070 4042 1121 4108 jam
1138 4047 1203 4100 male

175 4107 250 4158 risum
267 4123 358 4161 movet.
390 4111 468 4162 Latus
488 4112 523 4161 ita
542 4109 614 4169 sumi,
626 4107 664 4160 vel
713 4109 812 4167 habuit,
835 4107 1018 4180 chirographus.
1058 4113 1109 4166 Res
1138 4117 1202 4173 mihi
1236 4123 1240 4136 '

176 4175 290 4230 sommia
301 4179 332 4231 de
342 4180 421 4232 latere
432 4181 500 4242 terto,
514 4178 610 4248 objerio,
620 4187 665 4248 pe·
713 4179 812 4247 quidem
824 4179 938 4233 obscura.
