3024 4912
430 392 610 486 ,lusura
631 399 829 472 burron.
855 407 939 471 ure.
959 392 1016 470 111ss
1032 381 1066 471 'a
1122 417 1135 432 ’·
1215 401 1277 490 193'

238 573 335 656 ludia,
361 571 564 642 deliberetur.
610 568 674 643 Sed
698 575 886 640 reminemr
914 572 994 640 adeo
1020 573 1159 640 solutum
1188 569 1281 660 lurni,¹

237 679 329 750 putu,
344 675 382 726 ut
396 662 477 726 nihil
492 663 525 726 in
540 661 641 726 caussa
656 659 807 726 suadendi
821 663 968 746 sequatur
988 671 1102 746 praeter
1123 655 1278 746 volup'tass‘

185 763 226 830 29
238 761 317 812 tem.
360 747 523 812 Praecedat
537 749 624 812 enirn
639 748 758 836 semper
772 747 893 834 aliquid
908 745 1028 811 necesse
1043 745 1096 824 est,
1113 743 1198 810 utin
1215 745 1278 810 lu:

238 833 299 912 dis,
314 833 418 898 honor
431 834 577 900 Deorum
590 857 600 914 ς
624 835 657 897 in
679 833 815 914 theatro,
832 855 897 896 non
919 831 1042 895 inutilis
1056 830 1202 894 laborum
1217 851 1270 895 re·

199 961 201 966 ,
238 913 351 998 miffio,
367 919 518 984 deformis
532 931 565 982 et
579 917 910 995 incommodatum,
927 917 946 982 si
962 916 1018 980 idt
1041 937 1106 980 non
1118 915 1175 996 sat,
1190 935 1270 979 con-

193 1002 196 1008 ’
238 1004 388 1084 flidlati03
412 1019 445 1068 et
460 1003 670 1069 nihilominus
685 1003 796 1068 eadem
811 1002 866 1066 illa
878 997 1002 1090 religio,
1017 1024 1090 1066 curn
1107 1001 1283 1068 theatrum·

183 1104 226 1170 30
240 1090 338 1168 ueluti
362 1089 522 1176 quoddam
541 1089 633 1154 illius
656 1089 732 1154 sacri
756 1089 914 1176 ternplum
937 1088 1134 1152 vocabimus.
1181 1085 1272 1172 Saepe

239 1196 314 1240 vero
337 1190 370 1239 et
393 1177 567 1240 utilitatem
593 1175 825 1262 despiciendam
851 1174 910 1236 esse
924 1173 1075 1252 dicimus,
1091 1186 1128 1236 ut
1143 1165 1279 1258 honestal

237 1261 414 1325 faciamus:
438 1275 477 1327 ut
500 1280 575 1326 eum
598 1261 663 1324 illis
687 1259 910 1348 Opiterginisr
934 1256 1066 1322 damus·
1093 1254 1270 1341 confilium,

198 1367 203 1381 ¹
239 1366 281 1410 ne
302 1347 333 1410 re
355 1347 497 1411 hostibus
520 1345 650 1424 dedant,
666 1367 860 1432 quamquam
875 1345 1004 1429 perituri
1020 1343 1088 1422 sint,
1104 1343 1169 1406 nifi.
1183 1341 1277 1408 fece-'

238 1431 314 1496 rint.
359 1433 403 1496 Et
424 1432 517 1496 utilia
538 1431 676 1494 honestis
694 1431 916 1516 praeferimus:
940 1443 977 1492 ut
991 1451 1067 1492 cum
1091 1428 1280 1510 suademuS,'

182 1529 222 1598 31
241 1529 277 1580 ut
298 1517 386 1582 bello
410 1518 529 1580 Punico
550 1515 628 1580 serui
651 1529 824 1580 armentur.
869 1513 933 1580 Sed
954 1529 1061 1580 tamen
1087 1535 1192 1601 neque
1216 1513 1276 1578 hic*

239 1601 332 1687 plane
347 1601 587 1666 concedendum
604 1602 658 1680 est,
672 1600 731 1666 esse
746 1601 778 1664 id
794 1599 994 1664 inhonestum
1010 1625 1019 1679 3
1042 1600 1161 1664 liberos
1184 1599 1272 1663 enim

235 1699 352 1752 natura
365 1709 489 1766 omnes,
504 1699 536 1753 et
550 1685 668 1750 eisdem
683 1687 822 1750 constare
837 1685 1015 1764 clementie,
1028 1697 1060 1749 et
1075 1681 1197 1749 fortasse
1213 1705 1271 1767 an-

238 1771 337 1858 tiquis
353 1774 450 1836 etiarn
463 1773 623 1837 nobilibus
638 1786 736 1852 ortua,
752 1771 815 1836 dici
831 1771 950 1859 potest:
974 1786 1007 1835 et
1028 1771 1108 1850 illic,
1125 1771 1182 1836 ubi
1202 1785 1280 1852 ma:

239 1858 385 1922 nifestum
400 1858 576 1944 periculum
593 1859 645 1936 est,
659 1857 848 2005 opponenda
861 1852 932 1936 alia,
948 1871 985 1922 ut
999 1853 1159 1921 crudelius
1173 1857 1273 1944 etiarn

238 1944 395 2030 perituros
410 1945 615 2022 affirmemus,
631 1943 651 2006 fi
687 1945 704 2007 e
727 1943 918 2022 dediderint,
935 1944 994 2006 five
1017 1943 1113 2006 hostis
1128 1957 1193 2006 non·
1207 1943 1273 2022 ser7

238 2029 360 2094 raverit
384 2030 493 2108 fidem,
510 2030 570 2093 srve
594 2028 700 2094 Caesar
722 2028 842 2109 vicerit,
855 2027 947 2114 quod
970 2029 1012 2092 est
1032 2049 1107 2092 uero
1129 2025 1273 2105 fimilius,
1296 2094 1297 2098 ,

184 2127 225 2198 32
239 2115 322 2180 Haec
346 2127 466 2193 autem,
492 2137 564 2201 quae
589 2129 719 2178 tantum
741 2115 824 2178 inter
846 2114 878 2177 se
903 2127 1060 2201 pugnant,
1083 2113 1273 2200 plerumque

198 2202 203 2212 '
238 2200 422 2266 nominibus
437 2199 562 2264 deflecti
578 2201 691 2264 solent.
735 2201 823 2264 Nam
838 2211 872 2262 et
886 2200 1006 2262 utilitas
1021 2199 1086 2285 ipsa
1108 2219 1289 2286 expugna·

237 2293 291 2350 t'ur
315 2287 355 2350 ab
381 2287 431 2366 iis„
481 2287 524 2358 ui¹
538 2285 753 2364 dicunt,non
776 2286 877 2348 solum
902 2287 1024 2371 potiora
1047 2285 1106 2348 esse
1132 2285 1272 2367 honesta,

237 2383 335 2458 quarn
349 2371 451 2450 utilia,
459 2310 521 2436 led
537 2395 577 2434 ne
592 2371 687 2436 utilia
701 2371 830 2458 quidem
847 2369 918 2449 esse,
935 2393 1007 2456 quae
1023 2393 1085 2432 nou
1110 2371 1185 2433 smtt
1209 2370 1271 2432 ho·

238 2458 343 2520 nesta:
366 2469 398 2520 et
412 2470 533 2536 contra,
549 2456 637 2543 quod
652 2477 710 2520 nos
729 2457 907 2533 honesturn,
925 2455 974 2518 illi
994 2477 1124 2533 uanum,
1140 2455 1271 2519 ambiti-

183 2555 224 2623 33
238 2542 339 2621 osum,
356 2542 517 2621 stolidum,
532 2543 650 2622 verbis,
666 2563 825 2628 quamne,
840 2541 1036 2627 probabilius
1051 2553 1176 2604 vocant.
1200 2539 1273 2603 Nec

238 2639 388 2692 tantum¹¹
412 2627 581 2700 inutilibus
605 2649 675 2691 com
701 2639 827 2691 arantur
849 2625 953 2706 utilia,
969 2625 1020 2690 sed
1036 2627 1120 2691 inter
1142 2625 1172 2689 se
1187 2645 1272 2712 quo-

238 2731 301 2797 que
316 2713 414 2812 ipsa:
448 2725 486 2776 ut
509 2714 530 2776 fi
555 2735 594 2777 ex
617 2649 743 2777 duobus
766 2712 937 2800 eligamus,
952 2711 985 2774 in
1010 2712 1121 2792 altero,
1138 2711 1216 2796 quid
1235 2709 1280 2790 fit,

238 2818 354 2884 magis,
380 2798 414 2860 in
444 2797 554 2878 alteru,
581 2797 659 2884 quid
690 2797 725 2860 fit
751 2819 868 2860 minus.
914 2796 1034 2860 Crescit
1060 2798 1123 2862 hoc
1151 2796 1289 2874 adhuc..
1392 2847 1400 2853 .

239 2883 326 2946 Nam
347 2882 474 2946 interim
497 2882 637 2970 triplices
660 2883 757 2946 etiam
781 2881 924 2946 suasoriae
948 2883 1094 2947 incidunt
1109 2895 1178 2946 aut
1195 2903 1272 2946 curn

240 2967 410 3055 Pompeius
433 2967 632 3046 deliberavit,
649 2969 778 3031 Parthos
804 2991 845 3031 cn
867 2967 1018 3054 Africum,
1040 2991 1081 3031 un
1102 2969 1278 3054 AEgyp'tum‘
1379 2970 1381 2979 ’

237 3066 359 3142 peteret.
404 3055 542 3117 Itanon
568 3065 708 3134 tantum,
723 3065 832 3116 utrum
855 3053 891 3116 fit
914 3053 1041 3134 melius,
1056 3052 1108 3116 sed
1134 3049 1212 3140 quid
1236 3051 1274 3116 fit

183 3152 227 3220 34
240 3139 411 3240 optimum,
428 3139 592 3226 quaeritur.
621 3141 771 3226 Itemque
784 3150 797 3178 ¹
812 3151 934 3238 coptra.
957 3141 1031 3203 Nec
1047 3131 1271 3225 umquam‘in-

240 3224 326 3288 crdet
349 3225 382 3288 in
408 3225 471 3288 hoc
495 3245 613 3312 genere
632 3224 773 3288 materiae
787 3223 948 3288 dubitatio
967 3224 1025 3302 rei,
1041 3247 1114 3311 quae
1129 3223 1277 3310 undique·

238 3309 414 3374 secundum
437 3331 495 3374 nos
511 3311 557 3374 fit.
602 3310 688 3374 Nam
703 3310 760 3374 ubi
774 3309 1016 3374 contradictioni
1030 3309 1121 3374 locus
1135 3331 1200 3373 non
1216 3308 1272 3388 est,

271 3527 393 3579 tuemini
404 3529 436 3576 G.
508 3527 572 3574 ribi
584 3528 615 3578 G.
626 3530 689 3578 Jens.
701 3529 767 3578 mal.
840 3532 966 3594 ‘Optem
978 3531 1010 3580 G.
1084 3524 1273 3582 ¹der'nusJeus.

236 3593 427 3670 fsrntGdens.
494 3595 635 3642 ²,enimG.
701 3595 834 3644 ¹itemG.
1275 3607 1278 3618 ’

275 3794 319 3844 29.
338 3772 538 3840 etnibilominu's]
558 3774 642 3828 Intell.
656 3791 732 3845 quam
818 3793 860 3842 32.
888 3758 977 3850 nomia
998 3757 1103 3844 deflebit]
1130 3773 1191 3826 Vid.
1215 3773 1279 3848 quae*

241 3844 286 3896 ini
306 3845 427 3900 deludis:
441 3846 473 3896 est
485 3847 564 3913 igitur
575 3847 615 3897 hic
627 3863 731 3911 connec-
780 3845 812 3898 ad
833 3864 857 3910 3,
871 3863 896 3907 7,
910 3861 953 3909 ις.
973 3845 1004 3896 de
1024 3845 1146 3916 numinum
1163 3845 1270 3916 deriva-

241 3865 307 3965 tencli
320 3916 403 3976 modo,
415 3931 464 3966 non
480 3916 632 3968 removenda
649 3917 731 3982 objec-
778 3916 841 3968 tione
850 3915 1043 3982 disputavimus.
1324 3957 1325 3963 ,

240 3985 317 4034 tionis
328 3983 446 4036 formula.
819 4003 861 4049 33.
881 3982 1018 4056 Pompeius]
1038 3985 1094 4037 Post
1104 3983 1272 4049 Pharsalicam

280 4069 322 4116 30.
340 4053 388 4106 illis
403 4052 565 4124 Opiterginis]
586 4055 626 4106 De
637 4055 731 4124 quibus
778 4055 867 4106 a'cie'm.
891 4054 958 4131 Vide¹
973 4053 1172 4106 deliberationem
1193 4051 1272 4116 illam,

242 4123 315 4174 ruodo
327 4123 346 4175 s.
360 4141 419 4202 23..
780 4141 898 4194 magnam
916 4121 1075 4176 declamatori
1092 4126 1231 4187 materiam,
1244 4143 1271 4176 a·

281 4209 322 4255 ³0·
341 4193 417 4262 serva
435 4195 577 4261 armentur]
606 4193 665 4246 Ltv.
687 4209 732 4255 22,
782 4195 834 4263 pud
854 4195 984 4246 Lucanum
1005 4199 1029 4254 8,
1042 4197 1091 4258 276
1104 4215 1114 4260 ς·
1129 4195 1159 4250 de
1171 4194 1271 4248 Plutar-

244 4275 287 4328 57.
308 4260 375 4314 Flor.
388 4279 415 4324 2,
428 4265 454 4323 6,
467 4271 516 4328 23:
783 4262 830 4324 clto
842 4280 872 4314 ne
882 4263 945 4332 quid
955 4262 1050 4318 dicam.

832 4366 900 4420 Μ
