3024 4912
242 367 301 446 164
460 367 529 430 Μ.
543 367 667 428 rnen
689 365 1036 428 ourNcT1L1AN1

240 533 304 598 hoc
320 533 428 612 verbo,
444 554 517 598 curn
534 531 747 619 ajudicibusr
762 529 854 619 petit,
870 543 936 597 ne*
951 527 1160 596 Demostheni
1174 544 1184 572 ¹
1198 551 1272 618 pers

208 675 214 687 „
241 619 372 685 mittunt
391 618 517 704 evagari
530 629 551 700 ⁸,
567 617 620 684 sed
635 641 710 682 eum
725 617 831 682 dicere
856 615 897 682 de
913 617 977 704 ipso
1003 613 1200 702 cauffaestatu
1215 640 1271 682 co-

266 718 332 770 ant.
377 703 461 769 Quae
485 726 524 790 ap
564 703 653 768 ilatio
675 701 793 768 dicitur
807 701 914 780 dulia,
929 702 980 767 vel
996 721 1036 765 ex
1056 723 1107 780 eo,
1123 701 1209 788 quod
1226 703 1301 782 ibi4

240 729 279 854 lt
302 789 423 876 primus
446 809 506 854 cau
530 811 555 852 ae
571 785 766 878 congressus,
782 788 831 854 vel
845 785 933 875 quod
950 787 984 851 in
999 786 1062 852 hoc
1077 787 1179 852 cautla
1191 809 1271 852 con-

242 876 332 940 sistat.
376 877 420 940 Et
445 873 584 938 nominis
611 875 741 964 quidem
768 873 837 938 haec
861 873 974 960 origo:
1008 895 1093 936 nunc
1120 872 1199 958 quid
1223 875 1271 939 sit.

242 961 361 1028 Statum
384 959 514 1048 quidam
537 959 688 1026 dixerunt
704 960 1021 1048 primamrcauffarum
1044 958 1270 1045 cotfiit‘tionem:

265 1067 324 1112 uos
337 1045 422 1110 retle
436 1043 565 1126 sensill'e,
581 1069 691 1134 parum
714 1043 857 1110 elocutos
879 1060 971 1131 puto,
1015 1045 1092 1108 Non
1120 1045 1162 1110 est
1186 1045 1301 1130 enims

241 1068 338 1198 latus
359 1129 461 1218 prima
484 1128 658 1212 conflitlio,
675 1129 786 1281 Fecisti,
807 1131 961 1218 nonsrcit
984 1129 1036 1196 sed
1051 1129 1139 1216 quod
1153 1152 1193 1194 ex
1208 1129 1272 1217 pri·

241 1229 297 1282 rna
311 1216 515 1282 conflitlione
537 1215 685 1296 nascitur,
702 1215 712 1280 i
759 1217 812 1296 est,
831 1239 934 1304 genus
970 1213 1141 1294 uaetiionis,
1158 1215 1272 1316 Fecisti,

242 1329 301 1368 mn
311 1303 390 1390 jeci,
404 1301 590 1389 defecerit?
612 1301 794 1388 Hocfccssi,
810 1327 867 1366 non
883 1304 933 1366 hoc
945 1240 1005 1384 lici
1015 1314 1037 1382 ‘,
1053 1301 1128 1388 quid
1127 1301 1240 1388 fecerit
1254 1308 1273 1368 ?

242 1387 332 1456 Quia
344 1409 383 1454 ex
405 1387 457 1454 his
474 1401 613 1475 apparet,
630 1387 710 1452 illud
729 1387 922 1474 eumedium,
936 1374 1001 1451 hoc
1025 1386 1169 1452 finitione
1183 1411 1272 1473 quae-

242 1474 376 1542 rendum
388 1499 397 1554 3
421 1487 517 1562 atque
539 1473 572 1538 in
589 1489 652 1539 eo¹¹
674 1495 747 1560 pure
770 1485 904 1562 utraque
926 1472 1047 1560 irfistit:
1069 1471 1129 1536 erit
1143 1475 1273 1560 quaestio

243 1557 478 1646 conjedturalis,
508 1557 557 1623 vel
584 1557 696 1624 finitivi
731 1560 837 1623 (latus.
883 1559 996 1624 Quid¹
1022 1559 1042 1622 fi
1073 1558 1160 1622 enini
1188 1557 1302 1626 dieat6

242 1645 328 1734 quie,
346 1645 440 1710 Sonus
455 1645 492 1732 {st
505 1645 628 1710 duorum
642 1645 718 1709 inter
730 1647 768 1730 su
783 1657 930 1793 ιοῖοηιηι
943 1669 994 1708 con
1019 1644 1105 1709 ictio.-
1128 1660 1222 1724 erret,
1237 1661 1274 1712 ut

243 1753 264 1794 o
288 1731 358 1794 inor
372 1755 381 1810 ;
407 1752 469 1794 non
485 1729 572 1796 enirn
586 1731 680 1795 sonus
695 1732 738 1794 cst
751 1751 811 1794 con
837 1730 925 1810 ictio,
938 1729 969 1794 fe
1006 1753 1045 1793 ex
1060 1731 1272 1800 conflictione.

243 1755 286 1880 El
299 1815 362 1879 hoc
376 1815 476 1880 levius
490 1841 498 1878 ε
523 1815 716 1904 intelligitur
730 1817 816 1880 enirn
829 1827 1007 1902 utcumque
1021 1815 1155 1880 ditium.
1194 1819 1275 1882 Inde

244 1923 320 1965 vero
346 1899 459 1999 ingens
483 1901 566 1967 male
588 1901 867 1988 interpretantibus
882 1901 1010 1966 innatus
1035 1902 1077 1964 est
1092 1923 1188 1979 error,
1203 1905 1272 1988 qui,

266 1985 319 2051 uia
347 2009 482 2074 primam
509 1987 745 2053 conflictionem
778 1985 934 2074 legerant,
965 1986 1126 2051 credidere
1161 1989 1273 2054 statum

242 2009 365 2161 liemper
379 2095 418 2138 ex
434 2072 535 2158 prima
548 2073 720 2160 quaestione
735 2072 906 2136 dicendum
918 2083 932 2112 ‘⁶
949 2096 957 2134 ι
981 2071 1069 2158 quod
1084 2071 1127 2136 est
1141 2073 1273 2136 vitiofis-

245 2159 370 2224 fimum.
413 2157 497 2222 Nem
520 2160 650 2245 quaellio
673 2158 784 2222 nulla²
810 2179 873 2220 non
897 2155 997 2220 habet
1010 2155 1056 2221 uti
1081 2178 1123 2222 ue
1138 2158 1301 2238 ssatum27

245 2241 366 2308 constat
379 2243 465 2306 enim
486 2265 523 2306 ex
548 2243 737 2321 intentione,
754 2255 788 2306 et
810 2241 1011 2328 depulsione:
1035 2179 1087 2305 sei
1109 2242 1181 2308 uliae
1203 2243 1275 2308 sunt
1320 2297 1323 2309 .

243 2329 380 2424 propriae
404 2327 589 2407 caussarum,
605 2327 647 2393 dc
672 2329 787 2416 quibus
815 2325 943 2392 ferenda
964 2326 1120 2392 sententia
1133 2329 1187 2406 est,
1204 2330 1274 2402 aliae

190 2489 193 2500 1
245 2413 393 2480 addutlae
420 2411 623 2494 extrinsecus,
640 2413 761 2502 aliquid
787 2427 893 2478 tamen
916 2413 956 2477 ad
980 2413 1136 2478 summam
1164 2415 1276 2481 eauffae

245 2499 457 2578 conferentes,
481 2499 569 2567 velut
593 2499 711 2564 auxilia
734 2499 902 2586 quaedam:
926 2520 992 2586 quo
1014 2498 1061 2579 fit,
1077 2511 1114 2564 ut
1135 2497 1169 2563 in
1194 2523 1274 2565 con-

245 2585 392 2650 troverfio
421 2607 485 2650 una
511 2584 617 2672 plures
643 2585 830 2685 questiones
857 2582 916 2648 elle
945 2583 1104 2653 dicantur.
1150 2582 1302 2650 Harumti

269 2693 341 2734 orro
355 2670 554 2757 ‚plerumque
577 2670 728 2742 levissuno
751 2691 890 2758 quaeque
911 2671 1014 2758 primo
1027 2669 1100 2734 loeo
1114 2669 1275 2758 fungitur.

245 2693 397 2844 lienique
411 2769 444 2819 et
458 2756 540 2820 illud
561 2755 709 2843 frequens
724 2759 778 2836 est,
796 2769 833 2820 ut
846 2777 894 2834 ea,
911 2755 1028 2842 quibus
1042 2755 1150 2820 minus
1174 2757 1274 2822 confi-

245 2842 364 2924 dimus,
395 2863 470 2908 eum
501 2841 633 2910 tradate
661 2842 754 2923 finti,
778 2841 978 2921 omittamus,
1008 2839 1136 2908 interim
1165 2844 1275 2930 sponte

279 3041 400 3102 tjudiciir
412 3043 442 3091 G.
491 3049 549 3091 *ut
561 3045 592 3093 G.
648 3041 937 3094 rnemosthenemtens.
991 3044 1139 3105 ‘vegaria
1194 3045 1274 3106 tquis

248 3109 363 3173 irfilcns.
418 3113 431 3140 ⁸
445 3109 567 3168 qqucns.
634 3110 730 3156 ¹Forre
740 3109 782 3170 leg.
795 3109 868 3156 Quod
877 3107 1062 3159 si-conflteiio:
1079 3117 1147 3156 erret.
1203 3117 1217 3143 ²
1234 3112 1275 3155 de.

247 3174 387 3220 ducendum
399 3173 429 3220 G.
442 3183 463 3218 et
479 3173 511 3218 al.
530 3173 601 3222 MSS.
618 3174 678 3236 apud
692 3175 771 3222 Bam.
780 3173 844 3238 fine
855 3174 1011 3224 ducendum?
1028 3175 1086 3241 quod
1094 3173 1174 3219 hadent
1184 3175 1274 3239 quidam

248 3237 379 3300 aprdcund.
445 3239 515 3292 ”illu
526 3239 556 3286 G.
622 3239 707 3288 blunt
717 3239 748 3288 G.

249 3402 526 3472 pcnuutav'erirmquod
540 3400 738 3454 Philandersua-
786 3400 888 3472 petitur,
900 3399 1018 3469 quamde
1046 3399 1237 3452 aturhctorum.

159 3533 164 3540 ¹
248 3474 307 3526 dcte
332 3469 372 3522 sed
387 3471 526 3546 simpliciter
537 3491 582 3543 pro
593 3472 685 3533 τάξιος»
697 3471 740 3525 rri-
823 3474 848 3522 8.
863 3469 1000 3540 primulum
1024 3469 1136 3540 ungitur]
1156 3471 1274 3525 Funditur

248 3561 302 3595 mc
313 3539 414 3608 legerim
425 3565 431 3594 ι
451 3543 533 3614 primo
547 3543 614 3593 euim
626 3541 652 3590 in
663 3537 738 3608 scrip·
786 3540 932 3604 conjiciebat
945 3541 1069 3594 Gallaeus.
1089 3541 1133 3592 Scd
1144 3541 1207 3592 nihil
1219 3560 1273 3592 mu·

248 3609 739 3679 mmaniiqua'rnzruernntrutru-
786 3610 900 3660 tandum
931 3610 1032 3663 Nonest
1048 3605 1274 3678 sermodefugaet

248 3691 318 3732 sens
332 3677 416 3746 (semel
429 3691 525 3735 tentum
534 3679 610 3750 potito
621 3691 636 3728 Σ
648 3676 739 3730 ultimo
786 3677 934 3750 repulsionee
955 3681 993 3734 sed
1005 3682 1035 3732 de
1046 3681 1099 3732 acie
1109 3675 1185 3749 quafi,
1197 3697 1275 3749 quam

247 3749 275 3802 'in
288 3755 325 3806 τῆς
336 3752 454 3820 etprimo
466 3750 491 3802 in
504 3750 600 3816 ctam)
622 3745 741 3799 facillime
787 3749 982 3802 instruitorator.
992 3747 1274 3816 Hicleviffimaquaeque

248 3813 452 3884 confundentium
470 3817 557 3872 deinde
568 3822 650 3881 τάξιας
666 3814 742 3870 facile
779 3815 899 3888 fungitur
911 3821 990 3890 primo
1001 3819 1055 3872 loco
1066 3819 1138 3880 aciei,
1149 3829 1178 3868 ut
1189 3817 1274 3872 velites

247 3899 343 3970 poterat
363 3887 404 3943 hic
422 3891 531 3957 cogitare
550 3885 653 3956 aliquis,
670 3887 738 3956 quod
786 3887 904 3942 nimirum
916 3900 939 3942 ct
959 3889 1019 3942 levis
1030 3898 1160 3941 armature
1171 3887 1274 3950 milites,

249 3957 275 4010 id
287 3957 367 4026 ipsum
377 3969 458 4029 petere
470 3958 616 4010 AEschiucm
635 3956 738 4020 rideret,
786 3959 831 4028 qui
848 3957 967 4012 velitandi
986 3969 1011 4010 et
1028 3973 1118 4028 pugnae
1137 3955 1275 4014 herilindae

246 4039 277 4078 ut
296 4030 381 4080 ordine
404 4029 436 4080 ad
455 4027 549 4093 objetia
568 4026 611 4078 tibi
633 4025 739 4080 crimina
786 4029 860 4080 causa
876 4027 997 4098 praemilli,
1008 4025 1132 4084 commisso
1148 4044 1207 4080 rnox
1222 4041 1275 4080 cer-

247 4097 398 4177 responderet
411 4097 590 4151 Demosthenes.
604 4096 650 4149 Sed
662 4098 737 4165 quid·
784 4098 876 4149 tamine
888 4100 1011 4169 recipiunt
1023 4097 1054 4158 se,
1063 4107 1088 4147 ct
1097 4095 1276 4156 robustioribus

265 4167 312 4218 uid
321 4171 374 4233 ejus
386 4167 423 4229 sit,
433 4169 464 4220 de
482 4165 598 4238 pugilum
611 4167 696 4235 gradu
709 4185 737 4220 ae
780 4183 836 4226 um
847 4168 978 4240 gerendam
989 4167 1101 4222 tradunt.

265 4237 559 4294 macedonianum
573 4255 603 4291 eu
620 4237 666 4290 boc
681 4236 740 4292 loco
