3022 4920
246 425 303 484 tr'o
496 423 541 482 M.
563 421 689 482 FABII
714 419 1061 484 QUINCTILIANI

241 587 486 677 consequentur,
505 585 538 649 in
551 586 559 625 ¹
580 607 620 650 eo
640 583 811 674 praecipue,
824 583 914 673 quod
929 585 1041 653 ,multa
1055 585 1088 650 in
1110 585 1161 650 bis
1176 585 1275 660 relin-

240 686 384 759 quuntur
406 673 538 752 incerta,
554 695 627 760 quae
650 671 804 736 sumimus
825 685 865 736 ut
888 669 1075 751 videntum,
1091 675 1276 760 aetates,fa·

240 758 375 838 cultates,
389 757 474 820 liberi
484 771 510 833 ¹²,
526 769 673 843 parentet,
688 758 808 821 urbiam
822 758 954 846 ipsarum
967 757 1059 837 viras,
1066 759 1156 847 juro,
1173 783 1276 838 mores,

240 843 390 929 aliaque⁰
412 842 463 906 his
490 841 611 906 finilia.
657 843 745 908 Quin
771 841 943 929 aliquando
966 843 1063 907 etiam
1088 857 1279 932 argumenta

240 949 280 992 ex
297 927 365 1012 ipsrs
424 927 571 992 fitionum
587 927 671 992 vitiis
694 927 855 992 ducimus.
901 927 964 992 Sed
978 928 1050 992 haec
1069 928 1125 992 suo
1140 953 1211 1016 quae
1237 953 1277 994 ue

241 1013 325 1078 loco.
372 950 529 1078 dhamvis
553 1015 639 1077 enim
663 1035 759 1077 omne
784 1011 977 1099 propositum
1004 1014 1109 1100 operis
1136 1037 1155 1078 a
1183 955 1276 1079 mihis
1292 1027 1331 1098 15

243 1098 386 1163 destinati
404 1122 442 1162 eo
458 1099 586 1186 spesiet,
602 1111 639 1162 ut
657 1112 761 1162 orator
776 1099 977 1162 instituatur:
1001 1113 1121 1178 tamen,
1137 1123 1178 1163 ne
1198 1101 1278 1188 quid

242 1182 363 1248 studiosr
380 1185 555 1272 requirant,
571 1184 668 1252 etiam
685 1183 703 1246 fi
720 1183 801 1270 quid
815 1183 889 1262 erit,
905 1185 992 1270 quod
1007 1185 1047 1249 ad
1066 1185 1189 1250 scholas
1203 1208 1277 1272 per-

242 1269 343 1334 tineat
359 1271 494 1356 proprie,
513 1271 545 1333 in
561 1270 690 1333 transitu
706 1291 771 1332 non
786 1269 986 1335 omittemus.

285 1356 347 1418 XI.
375 1355 482 1439 (Xll.)
507 1357 581 1419 Jarn
597 1355 673 1419 hinc
688 1375 766 1442 ergo
780 1355 873 1419 nobis
893 1354 1076 1420 inchoanda
1098 1357 1140 1420 est
1155 1377 1192 1419 ea
1208 1377 1278 1442 pars

243 1441 330 1520 artis,
346 1461 386 1504 ex
400 1464 464 1526 qua
478 1463 588 1527 capere
609 1441 738 1505 initium
757 1441 870 1519 solent,
885 1441 940 1526 qui
964 1442 1068 1528 priora
1082 1441 1277 1506 omiserunt:

244 1549 439 1612 quamquam
454 1526 547 1590 video
562 1527 714 1614 quosdam
729 1525 763 1590 in
778 1525 845 1614 ipso
861 1525 961 1590 statim
974 1527 1085 1592 limine
1101 1528 1279 1592 obstaturos

244 1611 338 1690 mihi,
355 1611 412 1698 qui
438 1612 518 1676 nihil
543 1622 637 1700 egere
663 1610 846 1698 hujusmodi
872 1633 973 1710 praece
996 1613 1038 1678 tis
1060 1613 1279 1700 eloquentiam

243 1710 380 1782 putent:
404 1696 457 1760 sed
478 1710 591 1773 natura
611 1697 676 1776 sua,
703 1710 737 1762 et
761 1697 884 1784 vulgari
909 1635 1017 1778 modi),
1044 1711 1077 1763 et
1101 1697 1280 1762 scholarum
1365 1707 1368 1720 '

243 1782 470 1847 exercitatione
485 1776 640 1863 cositeuti,
655 1783 779 1853 rideant
799 1783 895 1846 etiarn
911 1781 1114 1870 diligentiam
1130 1785 1279 1864 nostram,

245 1866 393 1954 exemplo
408 1870 516 1956 magni
533 1890 661 1956 quoque
676 1869 817 1932 nominis
831 1866 1049 1966 professorum,
1065 1891 1202 1957 quorum
1218 1869 1279 1933 ali·

246 1953 332 2040 quis,
348 1965 387 2016 ut
409 1955 533 2042 opinor,
554 1950 767 2043 interrogatus
794 1952 872 2041 qurd
898 1951 972 2017 esset
992 1957 1098 2036 σχῆμα
1120 1965 1153 2018 et
1177 1955 1279 2036 νόημα,

245 2037 365 2103 nesbire
381 2038 411 2104 se
426 2037 568 2127 quidem,
580 2039 645 2119 sed,
659 2041 679 2103 fi
695 2039 737 2103 ad
750 2062 818 2104 rem
834 2038 1017 2125 pertin’eret,
1030 2037 1090 2100 esse
1104 2038 1137 2101 in
1152 2039 1206 2102 sua
1221 2038 1279 2102 de-

245 2123 435 2189 clamatione
456 2125 625 2210 respondit.
669 2125 765 2189 Alius
789 2124 1004 2210 percontanti,
1021 2124 1215 2204 Theodoreus,
1238 2142 1313 2192 ant

169 2209 461 2296 m-Apalladoras
482 2212 581 2298 effes?
622 2214 706 2298 Eg0,
727 2209 845 2296 inquit,
859 2209 1065 2298 parmularius
1078 2211 1163 2296 sum.
1206 2210 1280 2294 Nec

244 2294 317 2360 sane
346 2295 453 2382 potuit
480 2295 629 2360 urbanius
658 2317 697 2360 ex
723 2294 911 2360 consesiioue
934 2295 1067 2358 inscitiae
1091 2296 1156 2360 suae
1184 2288 1280 2362 el‘a‘bi.
1310 2347 1312 2352 .

247 2379 343 2448 Porro
358 2381 404 2461 hi,
420 2381 497 2468 quia
517 2395 551 2446 et
565 2382 720 2447 beneficio
741 2381 862 2469 ingenii
898 2381 1056 2446 restantes
1080 2379 1152 2445 sunt
1166 2380 1280 2462 habiti,

246 2481 281 2530 et
295 2466 398 2532 multa
412 2467 508 2532 etiam
529 2468 684 2532 memoria
704 2467 806 2616 dipna
824 2403 1101 2531 exclamaverunt:
1126 2465 1282 2552 plurimos

246 2551 368 2616 habent
383 2552 497 2616 similes
512 2553 721 2642 negligentiae
749 2575 809 2631 uae,
824 2553 1024 2638 paucissimos
1039 2565 1173 2616 naturae.
1211 2553 1280 2650 lgi-

246 2649 299 2702 tur
313 2637 437 2722 impetu
450 2638 557 2702 dicere
570 2639 613 2718 se,
627 2653 661 2703 et
675 2639 796 2702 viribus
810 2638 859 2702 uti
873 2637 1062 2724 gloriantur.
1107 2639 1180 2702 Nec
1194 2659 1279 2702 emm
1292 2653 1313 2720 3

249 2744 330 2809 opus
345 2723 405 2788 esse
423 2724 611 2810 probatione
630 2738 686 2789 aut
708 2721 906 2810 dispostione
931 2723 963 2786 in
990 2723 1087 2787 rebus
1103 2723 1205 2787 fittis=
1229 2723 1283 2786 sed

222 2829 224 2841 ·
251 2806 356 2894 (cujus
371 2808 417 2873 rei
431 2809 535 2896 gratia
547 2810 678 2896 plenum
694 2809 729 2874 srt
745 2808 953 2890 auditorium)
971 2809 1135 2873 sententiis
1150 2809 1281 2896 grandi-

248 2894 321 2973 bus,
342 2916 478 2980 quarum
501 2897 625 2982 optima
647 2917 785 2984 quaeque
805 2917 824 2959 a
842 2893 985 2982 periculo
1009 2909 1145 2980 petatur.
1190 2893 1317 2970 Quin4

338 3061 404 3111 ¹m.
416 3065 448 3112 G.
509 3073 530 3102 n
549 3066 656 3114 videntes
667 3065 700 3116 G.
764 3074 779 3101 ²¹
796 3064 882 3114 liberos
893 3065 925 3114 G.
989 3070 1002 3096 ⁰
1021 3063 1070 3112 alia
1080 3064 1111 3111 G.
1121 3063 1184 3111 Jens.

294 3242 337 3289 14.
351 3225 490 3296 pofitionum
509 3225 601 3292 vitiis]
629 3229 670 3278 Ex
690 3227 740 3290 his,
790 3238 888 3279 matura
901 3223 1008 3277 Thraces
1019 3225 1168 3288 dicerentur,
1180 3225 1212 3277 ab
1220 3225 1285 3279 viris

250 3313 308 3365 quae
331 3307 426 3359 contra,
448 3313 524 3366 quam
549 3296 677 3365 probabile
698 3309 742 3350 aut
790 3297 871 3349 dotiis
891 3296 922 3346 ad
943 3296 1054 3347 Suetonii
1075 3297 1172 3347 Domit.
1192 3313 1216 3347 e.
1238 3314 1281 3348 ιο.

249 3365 337 3414 πιθανὸν
354 3366 395 3429 est,
408 3367 432 3418 in
450 3378 596 3436 argumento
607 3365 645 3419 vel
662 3365 742 3437 hypo-
790 3367 954 3418 observatum.
985 3365 1072 3418 Studia
1083 3365 1173 3417 theatri
1184 3378 1208 3418 et
1222 3367 1283 3418 circi

250 3433 309 3486 thesr
321 3436 433 3488 adsumta
445 3435 510 3488 sunt.
791 3436 875 3488 insana
892 3433 941 3487 sere
958 3433 1037 3496 fuisse,
1049 3454 1107 3488 cum
1124 3454 1154 3487 ex
1172 3435 1212 3487 his
1225 3454 1284 3506 quae
1312 3485 1316 3502 ,

246 3561 249 3568 ,
289 3524 312 3556 1.
332 3505 474 3575 efflaturus]
493 3505 593 3559 Amasse
611 3505 673 3557 hano
689 3504 740 3558 sor·
791 3507 839 3558 viri
849 3505 917 3558 dotti
930 3504 961 3556 ad
979 3503 997 3556 l.
1011 3524 1035 3557 c.
1048 3506 1169 3566 Suetonii,
1181 3518 1236 3558 tum
1254 3523 1284 3558 ex
1308 3529 1313 3544 =

249 3591 327 3634 mam,
340 3594 389 3644 prae
404 3575 481 3628 altera
491 3575 626 3644 obstiturus,
638 3588 741 3638 veteres,
792 3574 891 3645 legibus
910 3574 1007 3644 aliquot
1024 3575 1127 3637 constat,
1140 3573 1223 3627 favore
1241 3573 1285 3626 illo

250 3661 281 3696 ex
292 3643 374 3698 Voffio
385 3645 416 3697 de
427 3647 507 3699 Anal.
523 3664 548 3711 3,
562 3665 605 3698 20.
624 3655 648 3697 et
661 3645 742 3698 aliun·
792 3643 930 3698 sadienum
943 3646 975 3696 ad
985 3647 1130 3714 rixas‚quin
1142 3643 1243 3698 vulnera
1254 3661 1284 3696 ac

248 3713 280 3765 de
291 3715 404 3767 observat
416 3716 447 3768 ad
463 3716 488 3768 h.
503 3715 521 3766 l.
536 3715 705 3767 Burmannus.
792 3715 882 3776 caedes,
901 3732 1078 3784 nonnunquam
1102 3713 1283 3785 progrediente.

292 3803 318 3835 2.
348 3785 496 3838 Theodoreus
505 3814 541 3825 -
548 3783 740 3854 parmularius]
793 3787 845 3838 Hic
856 3783 935 3836 noster
952 3786 959 3835 i
979 3787 1040 3847 itur,
1053 3786 1079 3836 in
1093 3800 1167 3836 arena
1182 3783 1285 3852 quidem

251 3855 302 3907 Sim
322 3853 433 3907 licissrma
444 3857 518 3921 hujus
530 3855 578 3906 loci
597 3856 741 3925 interpreta-
790 3867 815 3906 et
827 3855 894 3906 circo
903 3855 944 3906 cui
964 3867 1034 3906 aveat
1046 3854 1067 3904 se
1076 3853 1165 3905 habere
1174 3851 1284 3917 fatetur5

250 3927 288 3976 tio
304 3873 361 3976 haec
380 3927 452 3977 nobis
472 3927 578 3978 videtur.
622 3925 741 3976 Theodo-
790 3923 821 3976 de
833 3922 985 3976 laesionibus
1002 3935 1026 3976 et
1044 3923 1130 3976 studiis
1147 3923 1286 3984 rhetorum,

250 4011 304 4056 tus,
317 3995 534 4065 Apollodorusque
553 3995 605 4046 noti
622 3994 741 4056 rhetores,
791 4011 880 4064 parum
891 3994 914 4045 se
925 3993 1046 4044 laborare.

206 4119 208 4124 ,
251 4063 332 4120 Fabiu
348 4065 422 4116 etiam
442 4066 502 4135 saepe
514 4062 639 4136 appellati,
651 4076 674 4114 er
692 4064 742 4116 sec·
829 4082 854 4128 3.
874 4081 891 4115 a
905 4062 1012 4132 periculo
1029 4061 1146 4132 petatur]
1173 4062 1286 4133 Optimae

251 4147 335 4185 tarum
376 4135 510 4212 principes.
556 4133 742 4185 Parmularium
792 4132 916 4184 sententiae
929 4131 978 4184 illae
989 4133 1103 4186 videntur
1120 4133 1160 4186 his
1178 4133 1286 4186 homini-

251 4221 308 4254 eum
325 4201 378 4264 else,
391 4209 436 4273 qui
450 4206 530 4256 taveat
549 4205 574 4255 in
591 4203 687 4254 theatro
705 4215 743 4254 at·
792 4204 851 4262 bus,
864 4204 889 4254 in
907 4203 1000 4324 quibus
1017 4215 1115 4272 propter
1133 4201 1287 4277 magnitudi7

251 4292 300 4345 que
312 4289 383 4325 arena
395 4274 587 4345 gladiatoribus,
600 4273 644 4341 qui
657 4273 687 4324 ab
703 4289 742 4324 ar·
791 4289 848 4326 nun
865 4283 890 4325 et
916 4271 1085 4327 ublimitatem
1104 4277 1186 4328 metu's
1204 4273 1237 4326 est
1255 4288 1286 4324 ne
