2938 4910
223 401 301 480 ‚43⁶
470 401 518 465 n.
540 403 663 466 rnen
682 383 1039 464 ,ouincrrnrnnr

237 565 321 632 odio
335 559 419 634 fatto
432 578 530 658 etque
547 569 655 634 animo
677 567 872 634 continetur.
915 568 968 634 De
990 567 1171 636 accusatore
1191 588 1274 636 con·
1289 586 1346 654 33

237 653 407 732 stituend0‚
420 678 495 742 quae
509 653 628 736 iudicia
642 655 863 720 divinationes·
877 667 1052 722 vocantur:
1077 656 1111 720 in
1126 677 1192 741 quo
1212 677 1276 743 ge-

237 759 313 804 nere
327 739 443 806 Cicero
457 728 602 828 quidem,
617 739 697 828 quib
715 739 941 804 mandantibus
962 740 1054 805 sociis
1068 743 1201 806 Verrem
1216 763 1275 805 ac-

237 823 367 890 cusabat
377 837 402 904 ⁶,
419 825 479 891 hac
493 827 566 890 usus
581 827 624 890 est
639 826 801 906 divifione,
818 825 1038 912 spedandunn
1053 847 1072 890 a
1085 849 1151 912 quo
1167 827 1275 890 maxi-

236 931 292 976 me
317 911 370 998 agi
392 909 492 975 velint
513 911 559 991 hi,
576 933 713 998 quorum
734 911 775 975 de
796 911 920 975 ultione
941 912 1116 998 quaerituri
1143 913 1186 976 ad
1207 935 1277 999 quo

237 995 372 1060 minime
402 995 480 1060 velit
509 998 547 1076 is,
571 997 627 1083 qui
650 996 824 1062 accusatur.
869 997 1137 1082 Frequentiffimae
1165 1010 1274 1061 tamen
1287 1019 1343 1085 34

236 1075 288 1144 hae
310 1081 381 1144 sunt
403 1081 602 1168 questiones,
621 1097 688 1149 uter
708 1082 830 1169 nicjores
850 1083 964 1168 cauſjas
986 1083 1105 1162 babeat,
1120 1094 1186 1147 uter
1204 1082 1277 1170 plus

237 1164 392 1262 indestriae
415 1179 469 1231 aut
492 1169 604 1232 virium
621 1167 667 1254 stt
689 1166 841 1232 allaturus
866 1171 910 1231 ad
931 1169 1140 1254 aecrtfhndum,
1155 1181 1221 1231 uter
1240 1168 1278 1231 id

190 1326 194 1334 ι
235 1250 353 1316 meliore
365 1251 437 1340 fide
450 1253 630 1338 subimus&
677 1253 792 1317 Tutelce
812 1268 982 1338 preterea:
1010 1255 1043 1318 in
1067 1275 1132 1340 quo
1147 1253 1276 1342 judicio
1287 1276 1309 1341 3
1313 1273 1339 1341 5

236 1336 317 1402 solet
339 1338 452 1424 queri,
478 1339 605 1403 analio
630 1338 671 1404 de
695 1361 741 1416 re,
791 1361 864 1402 uam
889 1337 930 1402 de
954 1338 1098 1417 calculiS,
1123 1340 1283 1426 cognosci*

237 1445 258 1487 ο
300 1435 402 1488 rteat:
427 1449 468 1488 an
471 1424 556 1510 fides
569 1425 578 1464 ¹
587 1423 725 1574 pralium
740 1361 845 1488 deicae
858 1437 985 1503 tantum,
1000 1445 1065 1488 non
1080 1425 1176 1488 etiarn
1194 1447 1276 1488 con-

236 1507 362 1572 fiium⁸
384 1523 419 1574 et
440 1523 585 1574 eventus.
660 1510 693 1574 ui
716 1507 814 1574 simile
835 1511 878 1574 est
892 1508 1069 1596 malegcstae
1089 1511 1275 1594 promotio-

235 1595 304 1658 nis:
328 1594 360 1658 in
377 1593 471 1658 foroh
494 1595 675 1682 negotiorum
692 1593 957 1682 gestorumemam
978 1609 1011 1658 et
1032 1597 1169 1660 mandati
1190 1596 1277 1662 aetio

235 1679 292 1743 est.
338 1682 456 1744 Praeter
469 1679 540 1744 haee
555 1679 721 1768 finguntur
734 1681 767 1744 in
783 1681 899 1745 scholis
913 1695 948 1744 et
962 1681 1108 1778 irffcriptii
1123 1682 1276 1769 maleficii,
1287 1685 1339 1769 36

235 1765 269 1830 in
310 1765 405 1830 uibus
419 1777 476 1830 aut
490 1765 554 1830 hoc
568 1767 734 1852 queritur,
750 1789 792 1829 an
802 1767 952 1852 scriplum
962 1769 1040 1850 sit?
1065 1780 1122 1831 aut
1142 1767 1216 1846 hoc,
1232 1793 1277 1831 an

235 1788 413 1937 maieficium
427 1851 504 1936 sit?
524 1873 595 1914 raro
608 1865 794 1939 utrumque.
839 1849 930 1915 Male
972 1850 1037 1938 estae
1059 1851 1216 1938 legationis
1235 1875 1275 1918 a·
1358 1875 1360 1880 ·

237 1938 302 2023 pud
319 1939 452 2001 Graecos
467 1949 500 2000 et
516 1937 597 2000 veris
612 1937 721 2002 cauffis
735 1937 905 2024 frequens:
930 1875 986 2001 uit
996 1937 1080 2024 juris
1095 1938 1168 2002 loeo
1181 1961 1275 2025 quae-

236 2021 263 2086 ri
278 2022 368 2100 solet,
385 2047 426 2085 an
441 2021 554 2090 omnino
569 2023 657 2085 aliter
673 2045 772 2109 agere,
789 2047 878 2108 quam
900 2023 1076 2086 niundotum
1088 2023 1140 2111 fit,
1157 2023 1278 2089 liceat?

236 2122 270 2172 et
300 2111 446 2195 quousque
467 2109 513 2192 fit
541 2107 689 2194 legatus?
724 2108 875 2194 quoniam
902 2109 974 2172 alii¹
1003 2110 1034 2171 in
1062 2109 1277 2174 renuntiando

236 2193 330 2258 sunt:
355 2194 446 2258 utin
470 2194 557 2258 Heio
569 2205 599 2272 ¹¹¹,
620 2193 676 2280 qui
698 2193 913 2258 testimonium
940 2194 973 2259 in
995 2195 1129 2260 Verrem
1152 2194 1278 2260 dixerat

268 2450 281 2472 ⁸
300 2441 505 2490 divinati0nisiid.
588 2442 733 2506 bquodiid.
816 2445 1030 2494 recendente.
1043 2447 1108 2494 mole.
1200 2445 1275 2496 ‘aut

238 2571 367 2620 tconsilia
380 2574 411 2620 G.
500 2573 610 2620 ¹¹iorum
623 2574 653 2620 G.
736 2573 1068 2636 iscripripuroomner.ein.
1150 2575 1229 2624 ¹nliae
1240 2578 1274 2624 G.

235 2637 299 2746 deni.
312 2647 333 2684 ct
341 2638 403 2699 plor.
420 2638 538 2700 quoniam
550 2639 591 2686 aiii
603 2639 763 2686 renuntiando
774 2641 837 2688 frunt
848 2641 902 2703 conj.
915 2643 973 2690 Bur.
1063 2651 1081 2678 m
1098 2655 1127 2689 eo
1137 2642 1199 2689 Jens.
1212 2641 1274 2689 Bam

236 2713 258 2746 el
269 2721 282 2747 o
294 2737 299 2749 .

275 2902 318 2948 35.
336 2881 454 2950 confilium
464 2893 488 2934 et
499 2883 616 2946 eventus]
636 2884 731 2936 Cuma
779 2883 924 2947 deliberata,
935 2884 1013 2937 visum
1031 2884 1094 2936 mihi
1111 2883 1154 2946 est,
1165 2901 1213 2936 non
1228 2901 1274 2954 po.

229 2953 282 3020 fide
298 2954 465 3022 distinguatur
481 2954 521 3004 hic
538 2951 664 3018 confilium,
682 2971 732 3006 non
781 2953 849 3006 tuiffe
861 2953 931 3006 aliter
944 2955 1047 3006 scribere
1064 2954 1182 3006 Fabium.
1213 2955 1275 3024 Spe-

234 3041 282 3092 pro
305 3025 381 3074 animi
401 3021 523 3092 proposito
542 3021 605 3075 illud
625 3024 730 3094 accipio,
780 3025 843 3074 ciem
860 3026 925 3076 enim
943 3026 1013 3093 ponit
1030 3025 1144 3086 adionis,
1168 3025 1199 3076 ab
1217 3025 1275 3077 aliis

234 3094 276 3144 sed
288 3111 334 3162 pro
345 3094 486 3170 prudentia.
780 3093 898 3145 diversam
909 3115 916 3158 3
927 3093 1075 3164 firiptorum
1093 3113 1150 3145 vero
1168 3095 1192 3145 in
1210 3093 1274 3162 legi-

275 3166 318 3227 3⁶.
343 3161 451 3233 inscripti
472 3161 597 3228 maleficii]
627 3161 731 3231 inscrip-
780 3163 1011 3231 busmalrficiorum
1029 3163 1099 3216 clade
1117 3165 1275 3215 continentur

218 3243 288 3284 ,tum
312 3229 356 3282 effe
379 3247 428 3282 non
451 3231 579 3299 scripturn,
598 3230 636 3284 vel
658 3232 731 3284 nostri
780 3235 854 3284 etiam
874 3232 979 3302 injuria,
994 3233 1059 3285 male
1073 3233 1143 3303 gesta
1156 3243 1276 3302 procura-

237 3303 306 3352 locus
318 3302 390 3352 docet
404 3319 427 3364 3⁴,
439 3303 465 3361 6,
481 3303 523 3363 36.
543 3301 651 3370 itemque
658 3309 732 3369 pecus
780 3302 822 3362 tio,
834 3301 871 3354 vel
891 3303 989 3371 legatio,
1010 3321 1067 3372 quae
1087 3304 1217 3372 separatim
1235 3303 1275 3355 tass

235 3369 375 3441 iiifm'ptum
392 3371 466 3422 Varr.
485 3370 520 3422 R.
541 3369 574 3422 R.
595 3387 621 3431 2,
643 3388 668 3430 1,
688 3375 730 3423 16.
780 3389 837 3426 rnen
859 3373 1071 3425 commemoravit.
1095 3373 1230 3431 ‚Librarius
1248 3375 1275 3426 in

238 3437 338 3506 Jamad
351 3459 414 3504 7‚4,
430 3459 471 3501 rr,
484 3440 599 3493 laudatus
611 3439 643 3490 est
654 3441 731 3506 Cuja-
780 3441 893 3494 fraudem
910 3443 1019 3504 induxit,
1032 3443 1098 3511 quod
1117 3442 1198 3494 statim
1215 3443 1275 3495 sub-

237 3512 272 3561 cii
290 3510 368 3570 locus,
380 3511 425 3562 ubi
444 3512 466 3561 is
483 3507 622 3577 instriptum
639 3509 731 3578 malefi-
776 3513 874 3576 jieitnr,
885 3511 911 3563 in
921 3511 1006 3582 quibus
1013 3512 1144 3581 quaritur,
1152 3530 1187 3563 an
1199 3513 1276 3583 serip-

1442 1973 1443 2012 i

1442 2013 1443 2062 i

236 2507 294 2568 quid
309 2509 417 2555 maxime
428 2509 459 2555 G.
568 2515 578 2537 ²
598 2508 625 2556 iit
637 2509 751 2558 allaturus
762 2510 825 2557 Jens.
935 2509 945 2542 f
961 2513 1035 2560 fidem
1048 2515 1154 2574 preestare
1167 2512 1195 2560 G.
1208 2513 1275 2560 Jens.

236 3580 300 3632 cium
329 3581 475 3639 scholarem,
497 3577 661 3648 stellionatum
683 3577 731 3632 fori
781 3593 835 3632 turn
846 3579 902 3652 fit?
920 3584 961 3634 eui
979 3579 1132 3633 conformare
1143 3581 1276 3635 voluerunt

139 3684 143 3692 .
236 3650 281 3704 effe
301 3651 415 3703 ostendit.
445 3650 517 3701 Tum
536 3648 671 3710 AErodins,
686 3652 732 3719 qui
780 3651 855 3704 eriam
867 3655 956 3704 nornen
968 3652 1114 3722 precedens.
1142 3652 1275 3706 Sednimi·

236 3722 318 3773 nescio
338 3737 371 3772 an
385 3721 474 3772 debeat
491 3719 538 3770 hoc
556 3717 599 3768 suo
619 3719 732 3789 Praecep-
781 3739 836 3772 rum
855 3722 921 3774 idem
939 3721 970 3773 est
990 3739 1108 3790 quaerere,
1123 3737 1158 3774 an
1174 3721 1275 3793 inscrip-

238 3793 297 3852 tori‚
314 3803 388 3850 certe,
401 3789 467 3858 quod
487 3788 528 3840 iile
546 3789 620 3840 modo
641 3793 732 3860 tangit.
781 3800 832 3843 tum
843 3789 902 3857 stt?
920 3805 990 3844 etan
1001 3791 1122 3862 scriptum
1132 3790 1192 3858 fit?
1210 3806 1240 3844 ut
1252 3795 1276 3846 i·

237 3861 286 3912 late
298 3859 404 3929 explicat
416 3859 446 3910 ad
459 3859 532 3910 Fabii
544 3858 657 3910 Declam.
670 3878 731 3922 344.
780 3861 837 3913 dem
855 3860 887 3913 est
904 3879 1022 3929 quaerere,
1039 3860 1168 3914 vivitne?
1187 3873 1221 3924 et,
1239 3880 1276 3922 aa

237 3931 284 3982 ubi
304 3932 344 3982 lex
360 3930 470 4000 ponitur,
489 3928 601 3998 Inscripti
620 3928 733 3996 maleficii
781 3939 889 3982 mortuus
900 3930 957 4001 est?
974 3931 1051 3984 Dedit
1069 3932 1108 3982 his
1120 3932 1276 3999 inquirendis

228 3999 264 4062 fit
286 3999 360 4060 at‘iio,
384 4002 455 4068 (quae
476 4000 552 4050 etiam
582 4011 733 4050 memoratur
781 4000 929 4053 occasionem
953 3999 1008 4053 Cel.
1033 4003 1123 4054 Burro.
1145 4002 1224 4073 Epist.
1246 4021 1275 4073 p.

238 4071 311 4123 Deci.
335 4089 385 4134 252
407 4081 432 4120 et
455 4085 515 4134 370.
530 4070 559 4120 it.
578 4070 661 4119 Senec.
679 4072 730 4120 Ex·
783 4075 825 4120 16.

238 4153 316 4211 eerpt.
336 4141 455 4192 Controv.
478 4158 502 4203 5,
517 4140 557 4205 ι.)
578 4139 730 4208 indicatqde,
819 4143 861 4203 36.
889 4140 1002 4210 quoniam
1026 4139 1179 4213 alii-sunt]
1211 4142 1277 4200 Haee

232 4209 282 4265 ribi
305 4209 408 4282 placere,
427 4210 466 4261 hic
489 4210 533 4269 ita,
546 4220 574 4259 ut
594 4209 732 4277 potuimus,
782 4209 838 4260 sana
850 4228 899 4261 non
910 4209 954 4262 esse
966 4211 1049 4279 quivis
1061 4212 1146 4275 videt3
1166 4228 1210 4262 nec
1224 4211 1278 4264 sen·

237 4279 297 4352 legi.
325 4283 359 4333 Et
377 4280 441 4340 sane,
462 4297 488 4331 re
507 4295 556 4330 non
576 4279 733 4348 indiligenter
782 4281 861 4332 tentia
878 4280 1012 4334 admodum
1030 4280 1063 4332 est
1081 4281 1193 4343 obscum,
1212 4300 1278 4352 prae·
