3024 4912
159 373 164 380 '
251 381 313 448 nr
481 371 1037 448 M.rau11.ourucr1t1anr

248 545 406 626 alludens,
427 572 488 636 qno
514 549 551 614 cle
570 575 604 614 re
628 575 648 614 o
677 550 733 616 'tur
746 549 902 638 appellat:
931 550 1051 640 quibus
1064 546 1098 614 id
1112 546 1281 616 continea-
1341 629 1346 640 Ι

248 643 313 711 tur,
328 636 517 716 continentia,
554 637 615 700 uasr
661 649 836 702 rmameuta
856 635 1056 715 defensionis,
1072 633 1188 721 quibus
1202 636 1278 702 sub·
1364 645 1374 666 ‘

246 716 320 782 latis
335 718 472 786 defensio
486 657 577 786 nulla
597 722 644 786 sit.
687 725 736 787 At
762 722 796 786 in
812 721 1038 786 Partitionibus
1051 717 1196 785 oratoriis
1208 721 1277 808 fir·
1293 729 1335 798 19

247 817 437 884 manentum,
465 805 552 892 quod
579 807 750 894 opponitur
779 805 977 870 defensioni:
1016 805 1091 892 quia
1118 806 1279 888 continens,

247 889 337 975 quod
351 891 489 988 primum
512 891 560 968 srt,
575 894 615 958 ab
631 893 811 958 accusatore
825 889 972 956 dicatur:
995 893 1083 970 ratio,
1100 913 1120 953 a
1139 912 1214 969 re03
1238 913 1279 958 ert

246 973 377 1040 rationis
399 989 432 1040 et
453 975 641 1042 firmamenti
664 977 847 1062 quaestione,
863 977 897 1040 di
909 978 1032 1065 captatio
1051 977 1093 1043 ,srt
1108 976 1276 1064 judicatio-

246 1083 330 1125 nnn.
367 1061 485 1126 Verius
499 1061 509 1124 i
535 1061 597 1126 ’tur
611 1076 646 1126 et
659 1061 799 1142 brevius,
815 1061 872 1148 qui
915 1077 998 1150 0turn
1015 1075 1049 1126 et
1062 1060 1231 1126 continens
1243 1074 1278 1126 et

240 1141 474 1231 judicationem
491 1147 500 1210 i
524 1169 575 1210 em
589 1147 650 1212 esse
664 1147 849 1212 voluerunt:
872 1147 1019 1210 continens
1033 1159 1140 1212 autem
1154 1145 1187 1210 id
1202 1145 1275 1228 elle,

246 1249 314 1316 quo
327 1229 450 1296 sublato
464 1229 504 1296 lis
518 1231 577 1296 esse
592 1255 655 1296 non
671 1233 772 1319 poffit.
812 1232 879 1296 Hi²
895 1231 977 1296 mibi
992 1231 1140 1297 videntur
1153 1243 1275 1308 utram·
1289 1243 1343 1317 20·

244 1335 310 1400 que
321 1313 455 1382 caussam
471 1317 640 1404 complexi,
656 1331 690 1382 et
704 1319 783 1406 qnod
795 1315 903 1404 Oresta
916 1331 1049 1395 matrem,
1066 1330 1099 1382 et
1113 1317 1193 1415 qnod
1205 1317 1277 1403 Cly·

245 1399 409 1488 taemnessra
423 1403 673 1488 Agnmnnnonenr
686 1403 831 1468 occiderit.
876 1401 980 1470 Iidem
1000 1401 1229 1466 'udieatronem
1243 1415 1277 1468 et

244 1485 357 1550 ilatum
374 1487 548 1552 consentire
563 1487 683 1574 semper
696 1489 915 1553 existimarunt
923 1501 949 1574 ¹².
1028 1509 1065 1552 ec
1079 1487 1167 1552 enim
1189 1487 1276 1556 aliud
1288 1497 1328 1550 21

243 1590 354 1636 eorum
378 1572 492 1636 rationi
516 1574 710 1638 conveniens
734 1572 848 1638 fiuffet.
892 1575 1014 1637 Verum
1038 1572 1109 1638 baec
1130 1571 1276 1640 affettata

205 1704 216 1714 .
242 1653 400 1724 subtilitas
425 1657 509 1722 circa
523 1659 655 1724 nomina
677 1680 783 1724 rerum
806 1656 972 1722 ambitiose
986 1657 1157 1736 laboret‚a
1181 1659 1276 1724 nobis

241 1738 278 1808 in
293 1740 378 1806 bocl
400 1743 533 1808 assumta
545 1743 658 1823 solum,
673 1766 715 1808 ne
728 1766 842 1831 parurn
864 1741 1036 1830 diligenter
1059 1741 1213 1842 inquisisse
1234 1744 1275 1810 de

240 1846 350 1911 opere,
366 1827 454 1913 quod
469 1829 600 1916 aggressi
615 1828 736 1910 sumus,
752 1829 951 1894 videremurr
979 1826 1150 1914 simplicius
1164 1841 1275 1895 autem
1330 1879 1333 1886 .

238 1909 417 1976 instituenti
432 1935 496 1978 non
511 1915 553 1978 est
568 1915 688 1978 necesse
701 1937 757 2000 per
770 1928 836 1978 tam
853 1913 993 1978 minutas
1011 1935 1116 1978 rerum
1131 1914 1272 2000 particu-

238 1995 288 2064 las
303 1998 459 2062 rationem
475 1997 633 2064 docendic
648 1999 838 2065 concideret
862 2019 928 2085 quo
941 1997 1020 2064 vitio
1035 1997 1130 2064 multi
1142 1999 1272 2086 quidem
1285 2009 1327 2062 22

239 2079 438 2160 laborarunt,
476 2085 612 2184 raecipue
626 2098 733 2148 tamen
749 2087 976 2170 Hermagoras,
992 2083 1040 2148 vir
1061 2083 1182 2183 alioqui
1196 2085 1272 2150 sub-

237 2165 318 2246 tilis,
335 2179 369 2230 et
382 2167 416 2233 in
430 2106 574 2254 plirnnus
593 2169 810 2248 admirandus,
825 2181 949 2234 tanturn
972 2168 1151 2318 diligentiae
1174 2169 1272 2236 nimi·

237 2273 297 2316 run
311 2251 454 2332 solicitas,
471 2265 507 2318 ut
522 2254 588 2340 ipsa
600 2255 669 2342 ejus
682 2254 879 2342 reprehensio
893 2251 989 2318 laude
1011 2277 1030 2318 a
1044 2277 1118 2340 iqua
1140 2277 1204 2319 non
1219 2255 1271 2322 in·
1358 2329 1360 2332 ¹

236 2335 339 2424 digna
353 2337 400 2401 fit.
445 2341 529 2404 Haee
543 2352 650 2404 autern
666 2340 803 2419 brevior,
819 2351 853 2404 et
866 2338 917 2406 vel
932 2339 1004 2404 ideo
1018 2339 1155 2405 lucidior
1168 2341 1272 2406 multo
1284 2351 1325 2420 23

238 2421 303 2502 ria,
330 2443 435 2508 neque
460 2424 634 2490 discentem
649 2447 704 2512 per
726 2426 878 2512 ambages
905 2422 1067 2512 fatigabit,
1082 2447 1142 2490 nec
1156 2448 1271 2514 corpus
1298 2462 1304 2474 ·

237 2507 392 2574 orationis
406 2509 439 2572 in
459 2531 554 2595 parva
577 2521 742 2576 momenta
762 2508 943 2575 diducendo
965 2509 1140 2574 consumet.
1184 2513 1271 2576 Nam

238 2593 297 2680 qui
311 2593 436 2675 viderit,
451 2596 529 2681 quid
544 2596 593 2675 sit,
610 2595 699 2682 quod
723 2597 757 2660 in
775 2596 1018 2661 controversiam
1038 2597 1166 2659 veniat?
1191 2596 1271 2682 quid

229 2679 274 2747 *iu
286 2701 339 2758 eo,
355 2693 389 2744 et
402 2701 458 2765 per
471 2703 545 2768 quae
560 2681 637 2746 velit
651 2681 775 2746 efficere
788 2703 859 2767 pars
873 2679 1016 2746 diversa?
1041 2679 1120 2781 quid
1142 2683 1267 2747 nostra?

238 2765 326 2851 quod
341 2765 375 2828 in
390 2765 502 2851 primis
523 2767 565 2830 est
586 2765 799 2832 intuendum:
824 2766 904 2830 nihil
924 2787 1035 2830 eorum
1053 2779 1212 2854 ignorare,
1230 2767 1270 2832 de

237 2850 355 2936 quibus
377 2851 469 2936 supra
494 2851 647 2932 diximus,
670 2853 798 2938 poterit.
842 2852 914 2916 Nee
936 2852 979 2914 est
1002 2852 1067 2916 fere
1091 2851 1268 2939 quisquam,
1283 2863 1326 2928 24

236 2935 336 3000 modo
351 2957 416 3000 uon
432 2936 556 3015 stultus,
571 2951 667 3022 atque
691 2937 731 3002 ab
750 2936 839 3001 omni
860 2935 983 3024 prorsus
1003 2937 1060 3002 usu
1076 2937 1203 3001 dicendi
1218 2961 1268 3002 re-

237 3034 359 3100 motus,
409 3020 465 3084 uin
491 3021 580 3100 sciat,
607 3035 641 3086 et
663 3022 741 3122 quid
764 3021 855 3087 litem
879 3022 986 3102 saciat,
1016 3021 1117 3108 (quod
1143 3024 1183 3088 ab
1205 3023 1270 3089 illis

236 3105 336 3190 consta
363 3044 415 3170 vil
445 3107 591 3170 continens
618 3107 747 3188 dicitur)
774 3120 808 3171 et
831 3128 904 3192 quae
928 3105 964 3170 fit
993 3106 1075 3170 inter
1103 3105 1269 3194 litigantes

203 3245 207 3254 .
236 3189 380 3274 quaestio,
397 3203 430 3254 et
456 3189 496 3256 de
544 3213 587 3256 uo
603 3191 742 3278 judicari
766 3184 932 3278 dporteat:
956 3212 1028 3274 quae
1051 3192 1159 3255 omnia
1180 3193 1268 3258 idem

233 3273 319 3340 funt.
356 3277 450 3340 *Nam
470 3290 503 3340 et
521 3214 562 3340 de
583 3299 623 3340 eo
637 3277 767 3364 quaeslio
789 3277 842 3355 esi,
858 3273 947 3361 quod
968 3275 1001 3338 in
1024 3279 1267 3344 controversiam
1319 3289 1322 3296 ’

131 3422 137 3439 ,
235 3359 343 3426 venit:
367 3375 401 3426 et
415 3361 456 3426 de
470 3383 509 3426 eo
530 3360 700 3443 judicatur,
716 3362 757 3426 de
777 3381 842 3460 quo
864 3358 996 3447 quaestio
1016 3361 1071 3424 est.
1117 3362 1181 3427 Sed
1203 3369 1321 3440 n0n25

233 3459 390 3534 perpetuo
404 3446 600 3512 intendimus
615 3447 647 3510 in
663 3445 734 3512 haec
749 3467 906 3528 animum,
920 3457 953 3508 et
967 3445 1142 3532 cupiditate
1164 3448 1268 3514 laudis
1352 3481 1359 3492 ·

234 3543 412 3620 utcumque
435 3531 647 3618 acquirendae,
669 3531 719 3595 vel
743 3527 871 3594 dicendi
895 3529 1058 3616 voluptate
1081 3553 1267 3620 evagamur,

234 3617 365 3704 quando
379 3617 507 3681 uberior
520 3617 640 3702 semper
654 3631 744 3680 extra
758 3614 892 3688 caussam
908 3615 1041 3680 materia
1066 3617 1120 3693 ess,
1136 3617 1211 3702 quia
1231 3617 1265 3682 in

234 3702 443 3766 controversia
456 3697 653 3788 panea'sunt,
669 3704 779 3765 ertrn‘¹
794 3699 929 3767 omnia:
952 3714 985 3762 et
1007 3700 1061 3764 bic
1085 3699 1201 3764 dicitur
1224 3702 1265 3766 de

232 3785 285 3866 iis,
301 3809 373 3874 quae
389 3786 591 3872 accepirnus3
616 3786 694 3866 illic,
708 3786 748 3850 de
763 3785 881 3872 quibus
899 3785 1059 3849 volumus.
1103 3787 1176 3850 Nec
1197 3800 1263 3850 tam
1279 3781 1321 3848 26

232 3869 296 3936 boc
308 3871 554 3958 praecipiendum
569 3871 624 3949 est,
646 3885 684 3936 ut
698 3870 915 3958 quaestionem,
926 3868 1116 3947 ¹continens,
1133 3869 1264 3956 judica-

219 3955 354 4022 ‘tionem
383 3957 593 4036 inveniamus,
610 3967 697 4040 (nam
720 3955 753 4020 id
774 3954 904 4040 quidem
926 3951 1019 4018 facile
1040 3955 1096 4032 est)
1115 3977 1212 4042 quam
1227 3969 1266 4020 ut

254 4175 277 4204 “¹
296 4173 352 4225 Hoc
365 4177 425 4223 mibi
437 4176 529 4224 videtur
541 4173 571 4224 G.
582 4173 644 4222 Jens.
706 4171 925 4223 ¹erristimantr'id.
984 4170 1143 4226 ‘haerent
1200 4176 1267 4224 ‘rs'r¹

230 4237 304 4290 flendi
315 4239 346 4288 G.
357 4241 420 4289 ltus.
437 4251 459 4290 et
465 4239 540 4304 plnrrr
552 4251 588 4303 ap.
600 4239 657 4286 Bur.
723 4238 733 4270 ⁸
756 4235 867 4300 exempla
879 4237 909 4284 G.
943 4289 946 4297 A
