3000 4908
332 389 504 453 rusmr.
524 387 726 450 onnron.
748 373 829 448 tte.
850 379 904 447 m.
926 370 1115 446 enorum.
1181 399 1241 465 337

200 545 370 641 ,precipiti
380 539 437 621 ¹ria
449 555 573 642 effugit.
616 551 703 618 Mihi
718 551 805 617 filius
820 550 926 615 minor
939 547 1087 636 quintum
1102 537 1240 638 egressus

182 649 200 718 7
215 663 345 720 annum,
361 641 467 728 zprior
482 641 616 704 alterum
632 661 672 703 ex
686 638 812 702 duobus
827 634 910 700 cruit
923 635 1045 700 lumen.
1077 636 1155 699 Non
1168 633 1240 700 sum

213 721 396 790 ambitiosus
411 725 444 790 in
459 724 563 805 maiia,
577 747 636 788 neo
650 744 768 810 augere
782 721 985 797 lacrimarum
998 719 1116 784 caussas
1131 718 1237 785 volo⁸=

214 812 402 898 utinamque
432 809 506 876 osset
534 810 615 874 ratio
642 807 831 874 minuendi..
864 807 929 870 Sed
956 805 1147 870 diffimulare
1183 804 1240 892 qui

212 895 346 982 possum,
363 895 442 982 quid
457 895 502 958 illi
516 895 627 984 gratiae
642 893 675 958 in
692 893 793 972 vultu,
809 891 887 980 quid
896 889 1110 978 jucunditatis
1127 889 1159 953 in
1175 889 1239 954 ser-

212 977 417 1070 mon'e,«quos
430 977 556 1068 ingenii
568 983 579 1020 b
600 979 772 1067 igniculos,
785 1000 881 1064 quam
896 975 1105 1064 praestantiam
1116 990 1128 1019 ⁶
1141 973 1241 1062 placi-

212 1065 274 1146 dae,
289 1079 323 1130 et
351 1066 474 1154 (quodd
497 1065 562 1130 scio
586 1064 638 1130 vix
660 1065 743 1151 posse
764 1063 850 1126 credi
872 1062 1010 1140 tantum)
1035 1058 1109 1124 altae
1125 1060 1256 1124 mentis¹

210 1151 427 1215 ostenderit⁸?
485 1150 565 1215 ualis
588 1173 729 1214 amorem
751 1149 950 1236 quicumque
970 1145 1116 1210 alienus‘·
1137 1143 1243 1210 infans

94 1251 96 1256 '
180 1230 200 1294 8
214 1249 413 1300 mereretur..
438 1175 531 1314 *liiud
546 1259 619 1300 vero
635 1233 821 1312 infidiantis‚
837 1253 903 1319 quo
917 1253 970 1295 me
984 1228 1120 1295 validius
1130 1231 1242 1328 ‘oruci-

214 1334 292 1401 aret,
307 1321 442 1384 fortunae
457 1319 531 1399 fuit,
545 1332 583 1384 ut
600 1320 655 1384 ille
677 1318 767 1392 mihi,
778 1316 1006 1395 blandiffimuS,
1021 1337 1073 1380 me
1093 1313 1157 1404 sors
1180 1339 1243 1380 nu·

214 1407 360 1486 trioibus,
376 1427 429 1470 me
453 1405 555 1472 aviaess
576 1405 738 1484 educenti,
754 1425 807 1469 me
830 1403 992 1482 omnibus,
1009 1401 1066 1487 qui
1088 1399 1244 1466 solicitare

247 1627 261 1654 ²
278 1635 323 1668 nec
340 1620 380 1684 r'ns.
399 1619 503 1668 sentin
522 1617 593 1668 melis
607 1631 653 1670 nec
669 1635 737 1681 agere
753 1619 793 1686 ἱηχῖ
810 1621 841 1670 G.
852 1617 880 1668 r't.
893 1620 924 1668 G.
943 1636 966 1670 2.
978 1617 1021 1684 nist
1029 1617 1087 1685 quod
1102 1632 1133 1666 ne
1146 1627 1189 1680 pro
1198 1630 1245 1666 uec

214 1681 289 1741 habet,
301 1695 322 1732 et
339 1683 394 1748 Μ
406 1699 429 1732 2.
438 1695 459 1731 er
470 1685 567 1743 Mureti,
578 1685 622 1748 nifi
630 1687 688 1750 qued
696 1700 781 1748 augere
793 1685 876 1748 legunt.
892 1696 919 1734 ut
931 1685 956 1732 in
967 1685 1038 1732 malis
1048 1697 1142 1744 agerem
1153 1683 1245 1746 Regius,

215 1749 274 1812 quod
275 1748 399 1811 servarunt
410 1747 449 1798 rel.
531 1757 601 1797 ⁸0m.
614 1750 645 1798 G.
732 1751 931 1812 'ingenioiens
1018 1748 1201 1798 ‘substantiam
1213 1747 1244 1794 G.

213 1814 279 1862 dens.
360 1813 465 1876 dquam
476 1813 507 1862 G.
519 1824 541 1861 er
551 1814 584 1862 al.
601 1816 665 1864 Forte
675 1805 749 1876 quim
760 1816 808 1864 scio
819 1817 861 1864 rix
872 1830 897 1878 p.
908 1829 929 1862 c.
942 1822 1044 1862 tantem.
1133 1812 1200 1862 eSir
1213 1813 1245 1860 G.

215 1877 317 1928 ostendit
327 1879 389 1926 Jens.
400 1879 531 1942 ostenderet
543 1878 583 1927 rel.
648 1877 770 1930 ‘alterius
781 1881 812 1928 G.
878 1879 956 1928 ⁸avis
968 1879 999 1926 G.
1010 1875 1076 1926 male.
1131 1929 1146 1956 Ι

217 2035 363 2094 hairriendor
384 2041 483 2112 effugit,
500 2060 553 2112 quo
570 2043 707 2098 nominese
791 2047 817 2096 6.
832 2043 904 2112 prior
914 2041 1021 2096 numm
1038 2059 1071 2095 ex
1086 2039 1188 2106 duobus]
1208 2041 1247 2092 O·
1308 2053 1314 2066 ⁸

216 2111 261 2182 ipsr
280 2111 434 2181 gratulatum
456 2130 515 2165 mox
537 2113 610 2166 dicit.
640 2115 708 2168 Tria
755 2113 808 2166 mifi
826 2114 905 2184 igitur
921 2126 1029 2183 quatuor
1047 2112 1202 2181 verbaquae
1217 2111 1247 2164 iu
1305 2152 1307 2158 .

216 2199 291 2250 porro
310 2181 426 2236 intanto
445 2180 515 2234 lustu
534 2182 614 2236 solarii
632 2201 707 2254 argu-
755 2182 878 2267 plerisque
900 2184 974 2236 editis
1003 2181 1055 2234 haec
1102 2179 1244 2234 mcsdunts

218 2259 301 2302 menta
319 2250 368 2322 ipse
383 2251 476 2304 ¹habuit
498 2253 603 2316 Fabius,
626 2255 708 2323 primo
756 2255 833 2323 rdque
851 2269 880 2304 eo
900 2252 988 2319 justius
1012 2269 1052 2303 me
1087 2249 1154 2302 ecisse
1173 2261 1247 2321 puto,

218 2319 283 2372 filios
296 2319 454 2391 superstitesr
472 2321 559 2374 deinde
576 2323 643 2392 quod
654 2321 707 2376 voti
756 2323 823 2394 quod
841 2323 1005 2388 conjesiuram
1023 2321 1120 2374 Mureti
1137 2319 1156 2372 1.
1175 2337 1200 2372 c.
1219 2337 1248 2370 a·

216 2389 335 2441 damnata
345 2389 401 2442 esset
412 2408 484 2452 uxor,
496 2389 552 2443 sevi
564 2391 631 2443 illius
649 2393 707 2460 qui·
755 2402 824 2462 perte
830 2391 934 2444 firmant
945 2389 1104 2444 auctoritates
1113 2389 1184 2460 supra
1192 2388 1247 2440 lau-

218 2459 274 2508 dem
288 2459 312 2508 in
325 2459 356 2519 se,
369 2459 407 2511 sed
419 2460 472 2512 voti
484 2469 582 2525 tarnem
600 2461 656 2514 deni
676 2479 707 2514 ue
754 2461 830 2514 datae.
857 2461 985 2513 Nimirum
1002 2459 1130 2520 librarius,
1151 2458 1247 2511 versum

219 2527 287 2594 quod
304 2527 391 2580 dolore
404 2545 434 2581 ex
451 2527 536 2581 funere
554 2529 643 2598 prioris
658 2479 706 2584 itit
755 2547 834 2582 unum
854 2531 899 2597 qui
917 2527 1109 2600 praetervidisset,
1123 2528 1207 2589 verba,
1219 2527 1247 2580 in
1309 2561 1316 2578 .

117 2605 119 2611 ’
215 2595 272 2665 'ipsa
283 2611 384 2648 careret.
412 2598 497 2668 Igitur
513 2598 576 2652 nihil
592 2617 656 2668 opus
668 2601 706 2652 vi·
755 2600 827 2653 malis
835 2615 878 2650 nec
888 2616 989 2668 augere,
997 2598 1134 2670 scripseratr
1147 2597 1247 2659 deinde,

218 2665 291 2718 detur
302 2665 537 2738 cremonensem
554 2669 671 2730 recedere,
682 2681 707 2722 et
756 2687 813 2722 eum
835 2665 910 2722 nollet
928 2667 1061 2722 defonnari
1078 2667 1154 2720 litum
1177 2667 1246 2720 codi-

163 2751 191 2766 ·’
219 2751 279 2787 cum
300 2737 402 2788 Murcto
427 2739 488 2788 Var.
512 2736 568 2790 sedi.
597 2743 638 2800 18,
662 2757 707 2792 eo.
756 2735 1247 2807 eemelegantem,velplauedisirmulavit

136 2819 139 2824 ·
220 2804 428 2886 transpostionem
450 2807 601 2860 comminisci
623 2809 708 2871 nimis,
756 2825 860 2861 errorem
873 2806 953 2870 suum,
965 2807 1013 2866 vel,
1027 2807 1095 2888 quod
1107 2805 1132 2856 in
1145 2805 1246 2858 Gothu-

220 2883 250 2936 ut
270 2875 377 2936 vrdetur,
394 2876 523 2937 audacem,
541 2877 609 2946 quod
624 2877 707 2930 minus
756 2879 795 2929 nis
816 2877 968 2928 membranis
985 2874 1125 2944 saepruscule
1141 2872 1247 2936 fastum,

220 2944 254 2996 est
264 2943 400 2996 necessaria.
428 2947 563 2997 Itaautem
576 2945 625 3007 ille,
637 2945 708 3013 felix
756 2948 853 3017 exiguis
870 2945 997 3017 punsiulis
1015 2941 1157 3014 subscriptis
1175 2945 1246 3013 (quae

162 3061 164 3067 ,
220 3013 320 3078 deceffis,
330 3023 363 3075 et,
375 3015 438 3084 quod
447 3015 517 3082 nefas
532 3025 600 3076 erat,
610 3017 659 3086 sed
667 3025 708 3084 op·
756 3016 795 3068 vel
817 3033 878 3068 mor¹
897 3025 1058 3076 evanuerunt,
1068 3013 1106 3066 vei
1126 3027 1191 3067 certe
1202 3014 1246 3066 su-

220 3083 294 3136 tabat
303 3082 367 3155 ipsa,
378 3101 415 3136 me
424 3084 503 3153 salvo
518 3084 637 3138 maximos
651 3102 707 3138 cru-
756 3095 846 3156 gerunt
856 3085 1028 3155 descriptores)
1037 3083 1247 3153 easrrperflnaesse

155 3175 162 3188 ·
220 3153 299 3206 ciatus
314 3153 438 3224 precipiti
455 3153 505 3206 via
525 3153 621 3223 effugit.
656 3153 708 3223 Ego
755 3155 863 3207 notavit.
876 3153 1246 3208 Haecverbadeindecumut-

219 3223 269 3274 vel
285 3221 327 3274 hoc
345 3239 391 3276 uno
410 3223 604 3276 maso-liberis
626 3233 709 3276 tamen
755 3241 854 3294 cunque
865 3225 1006 3276 connesiere
1013 3234 1038 3274 et
1050 3234 1132 3293 aptare
1143 3223 1245 3292 reliquis

213 3291 382 3362 stepsmiitibus
391 3293 547 3346 oHeHabarr
567 3293 626 3346 mihi
637 3293 708 3362 filius
756 3305 902 3346 conarentur
911 3293 1032 3354 homines,
1041 3292 1104 3346 illud
1115 3304 1142 3344 ut
1152 3292 1178 3346 in
1189 3311 1245 3345 ma-

220 3361 309 3412 minrr.
340 3365 370 3415 In
387 3379 438 3432 qua
454 3361 707 3429 transpostioneillud
755 3362 786 3416 tis
804 3379 903 3434 agerem
922 3363 978 3416 inde
995 3375 1106 3415 exortum
1120 3363 1163 3414 est.
1216 3362 1246 3414 ni

220 3432 297 3480 etiam
316 3429 431 3492 desrdero,
451 3433 519 3500 quod
537 3433 590 3484 brec
609 3433 707 3496 ultima,
756 3431 851 3485 fadum
863 3432 901 3495 srt,
913 3443 945 3483 ut
954 3433 1082 3499 Jensonius
1094 3433 1124 3483 de
1136 3444 1190 3484 toto
1201 3435 1246 3486 illo

220 3497 282 3550 mihi
285 3497 354 3567 filius
364 3500 442 3552 minor
454 3511 502 3553 cet.
514 3502 588 3553 nimis
603 3505 709 3571 abrupta
757 3503 889 3555 assumento
901 3501 976 3554 solum
989 3519 1031 3552 nec
1043 3502 1142 3562 habeat,
1154 3519 1184 3552 ex
1201 3501 1245 3554 iila

221 3569 346 3630 videntur,
362 3581 386 3620 er
404 3568 473 3620 nulla
488 3571 581 3622 ratione
600 3588 709 3624 connexa
757 3571 881 3642 hypothes
900 3571 931 3622 de
949 3571 1073 3642 punctulis
1093 3571 1157 3620 ratio
1174 3572 1245 3624 reddi

207 3639 426 3707 ¹preecedeutibrrs.
440 3639 534 3690 Contra
545 3657 582 3700 ea,
590 3641 635 3692 ubi
646 3657 708 3710 prae-
757 3641 842 3712 potest.
873 3641 954 3692 Potest
975 3657 1060 3708 nempe
1080 3640 1165 3691 codice
1185 3639 1245 3695 usus

221 3705 289 3758 cesset
312 3708 405 3760 mentio
423 3710 508 3760 uxoris
528 3707 605 3761 felicis
624 3710 656 3761 ali
676 3723 709 3762 ua
756 3711 810 3772 esse,
823 3713 849 3762 in
869 3727 924 3779 quo
940 3709 989 3761 sola
1009 3710 1054 3760 sub
1071 3725 1114 3760 nec
1125 3709 1246 3779 punt‘tula

218 3777 335 3848 parte,se
355 3777 422 3858 quast
442 3795 457 3828 o
475 3779 544 3847 ponit
563 3797 620 3831 cum
637 3729 708 3831 veiis-
756 3789 915 3831 evanuerant.

222 3849 331 3900 mortius
357 3850 410 3919 rpsa
429 3865 442 3898 e
463 3845 531 3916 ugit3
558 3848 617 3900 mihi
628 3849 708 3917 filius,
794 3868 820 3914 7.
837 3849 890 3902 ‘vix
903 3845 964 3918 poffe
979 3845 1046 3900 credi
1056 3849 1166 3914 rantum]
1186 3847 1245 3903 Alii

80 3922 84 3931 ‘
158 3942 163 3948 ι
223 3905 273 3966 &o
300 3919 364 3970 Sera
380 3917 424 3970 esse
444 3919 470 3968 in
490 3918 528 3968 G.
541 3916 613 3970 docet
630 3919 707 3972 Heus.
757 3917 788 3969 src
799 3919 912 3970 ordinant
924 3919 975 3978 ista,
987 3930 1011 3968 et
1023 3917 1118 3986 legunt,
1130 3929 1155 3970 et
1172 3917 1248 3989 (quod

222 3983 249 4034 in
268 3984 307 4038 G.
328 4005 353 4040 2.
374 3986 445 4056 plane
464 3987 557 4047 omitti,
574 3989 642 4108 pund
659 3989 724 4058 ipse*
749 3987 801 4058 scio
811 3988 863 4041 vix
878 3986 939 4056 peste
955 3986 1034 4054 credi)
1047 3987 1106 4056 jam
1122 3997 1173 4039 tum
1184 3987 1245 4040 altae

222 4054 322 4122 probat.
351 4057 409 4125 Ego
418 4053 479 4108 nihil
492 4057 532 4108 hic
542 4056 572 4108 de
582 4059 681 4118 merem,
693 4057 710 4109 sr
757 4056 852 4109 mentis.
865 4059 923 4109 Non
933 4055 1045 4126 displicet
1056 4075 1084 4108 ea
1095 4055 1166 4109 lenio
1178 4057 1243 4110 Bur-

221 4121 300 4173 absrtr
319 4123 358 4176 sed
369 4126 461 4178 bonam
481 4125 622 4178 seutentiam
635 4128 709 4178 habe·
757 4143 856 4190 manno,
875 4139 899 4177 et
916 4123 946 4176 src
963 4126 1060 4178 videtur
1079 4127 1243 4182 Heumannoe

220 4190 287 4312 :lasse
305 4191 333 4244 srt
344 4199 435 4270 sava,
452 4194 575 4248 ostendisse
592 4197 655 4249 mihi
673 4197 709 4249 vi·
758 4213 849 4264 magna
860 4207 1015 4266 argumenta.

260 4347 353 4397 ror.
372 4349 409 4406 1„
452 4325 456 4334 '
778 4351 804 4419 p
