<?xml version="1.0" encoding="UTF-8"?>
<!DOCTYPE html PUBLIC "-//W3C//DTD XHTML 1.0 Transitional//EN"
    "http://www.w3.org/TR/xhtml1/DTD/xhtml1-transitional.dtd">
<html xmlns="http://www.w3.org/1999/xhtml" xml:lang="en" lang="en">
 <head>
  <title>
</title>
<meta http-equiv="Content-Type" content="text/html;charset=utf-8" />
  <meta name='ocr-system' content='tesseract 3.04.00' />
  <meta name='ocr-capabilities' content='ocr_page ocr_carea ocr_par ocr_line ocrx_word'/>
</head>
<body>
  <div class='ocr_page' id='page_1' title='image "./mfabiiquinctili00quingoog_0409.png"; bbox 0 0 2938 4910; ppageno 0'>
   <div class='ocr_carea' id='block_1_1' title="bbox 428 393 1229 527">
    <p class='ocr_par' dir='ltr' id='par_1_1' title="bbox 428 393 1229 527">
     <span class='ocr_line' id='line_1_1' title="bbox 428 393 1229 527; baseline 0.002 -27"><span class='ocrx_word' id='word_1_1' title='bbox 428 439 592 503; x_wconf 85' lang='lat' dir='ltr'><strong>INSTIT.</strong></span> <span class='ocrx_word' id='word_1_2' title='bbox 613 440 815 504; x_wconf 83' lang='lat' dir='ltr'><strong>ORATOR.</strong></span> <span class='ocrx_word' id='word_1_3' title='bbox 836 441 916 504; x_wconf 79' lang='lat' dir='ltr'>iiii.</span> <span class='ocrx_word' id='word_1_4' title='bbox 937 441 990 504; x_wconf 85' lang='lat' dir='ltr'>vi.</span> <span class='ocrx_word' id='word_1_5' title='bbox 1007 464 1034 504; x_wconf 80' lang='lat' dir='ltr'>a.</span> <span class='ocrx_word' id='word_1_6' title='bbox 1099 393 1100 404; x_wconf 28' lang='lat' dir='ltr'>i</span> <span class='ocrx_word' id='word_1_7' title='bbox 1173 462 1229 527; x_wconf 75' lang='lat'>357</span> 
     </span>
    </p>
   </div>
   <div class='ocr_carea' id='block_1_2' title="bbox 159 595 1230 834">
    <p class='ocr_par' dir='ltr' id='par_1_2' title="bbox 159 595 1230 834">
     <span class='ocr_line' id='line_1_2' title="bbox 212 595 1228 692; baseline 0.009 -27"><span class='ocrx_word' id='word_1_8' title='bbox 212 599 357 668; x_wconf 87' lang='lat' dir='ltr'>lentem?</span> <span class='ocrx_word' id='word_1_9' title='bbox 381 603 539 685; x_wconf 77' lang='lat' dir='ltr'>irascetur,</span> <span class='ocrx_word' id='word_1_10' title='bbox 554 606 574 668; x_wconf 88' lang='lat' dir='ltr'>si</span> <span class='ocrx_word' id='word_1_11' title='bbox 590 601 670 670; x_wconf 87' lang='lat' dir='ltr'>nihii</span> <span class='ocrx_word' id='word_1_12' title='bbox 684 605 759 692; x_wconf 84' lang='lat' dir='ltr'>ipsc,</span> <span class='ocrx_word' id='word_1_13' title='bbox 776 607 830 692; x_wconf 91' lang='lat' dir='ltr'>qui</span> <span class='ocrx_word' id='word_1_14' title='bbox 847 607 878 670; x_wconf 88' lang='lat' dir='ltr'>iri</span> <span class='ocrx_word' id='word_1_15' title='bbox 895 607 971 672; x_wconf 87' lang='lat' dir='ltr'>iram</span> <span class='ocrx_word' id='word_1_16' title='bbox 988 595 1162 688; x_wconf 76' lang='lat' dir='ltr'>concitat⁹,</span> <span class='ocrx_word' id='word_1_17' title='bbox 1178 609 1228 674; x_wconf 91' lang='lat' dir='ltr'>id-</span> 
     </span>
     <span class='ocr_line' id='line_1_3' title="bbox 159 683 1230 834; baseline 0.008 -84"><span class='ocrx_word' id='word_1_18' title='bbox 159 683 199 750; x_wconf 85' lang='lat'>28</span> <span class='ocrx_word' id='word_1_19' title='bbox 211 709 275 834; x_wconf 43' lang='lat' dir='ltr'>aue</span> <span class='ocrx_word' id='word_1_20' title='bbox 291 688 402 775; x_wconf 82' lang='lat' dir='ltr'>exigit,</span> <span class='ocrx_word' id='word_1_21' title='bbox 419 691 517 754; x_wconf 87' lang='lat' dir='ltr'>simile</span> <span class='ocrx_word' id='word_1_22' title='bbox 540 691 710 776; x_wconf 62' lang='lat' dir='ltr'>patieturf?</span> <span class='ocrx_word' id='word_1_23' title='bbox 737 692 821 754; x_wconf 85' lang='lat' dir='ltr'>siccis</span> <span class='ocrx_word' id='word_1_24' title='bbox 841 693 949 778; x_wconf 83' lang='lat' dir='ltr'>agenti</span> <span class='ocrx_word' id='word_1_25' title='bbox 961 690 1065 756; x_wconf 53' lang='lat' dir='ltr'>‘oculis</span> <span class='ocrx_word' id='word_1_26' title='bbox 1085 693 1230 760; x_wconf 82' lang='lat' dir='ltr'>lacrimas</span> 
     </span>
    </p>
   </div>
   <div class='ocr_carea' id='block_1_3' title="bbox 102 773 1302 3316">
    <p class='ocr_par' dir='ltr' id='par_1_3' title="bbox 102 773 1302 3316">
     <span class='ocr_line' id='line_1_4' title="bbox 234 773 1228 924; baseline 0.009 -89"><span class='ocrx_word' id='word_1_27' title='bbox 234 773 324 837; x_wconf 85' lang='lat' dir='ltr'>abit?</span> <span class='ocrx_word' id='word_1_28' title='bbox 350 773 415 838; x_wconf 88' lang='lat' dir='ltr'>lieri</span> <span class='ocrx_word' id='word_1_29' title='bbox 430 797 493 839; x_wconf 88' lang='lat' dir='ltr'>non</span> <span class='ocrx_word' id='word_1_30' title='bbox 507 778 629 861; x_wconf 72' lang='lat' dir='ltr'>potest:</span> <span class='ocrx_word' id='word_1_31' title='bbox 656 795 728 838; x_wconf 75' lang='lat' dir='ltr'>uiae</span> <span class='ocrx_word' id='word_1_32' title='bbox 744 775 895 856; x_wconf 85' lang='lat' dir='ltr'>incendit,</span> <span class='ocrx_word' id='word_1_33' title='bbox 910 777 1071 924; x_wconf 53' lang='lat' dir='ltr'>nisiifnin</span> <span class='ocrx_word' id='word_1_34' title='bbox 1085 801 1145 844; x_wconf 89' lang='lat' dir='ltr'>nec</span> <span class='ocrx_word' id='word_1_35' title='bbox 1159 802 1228 844; x_wconf 89' lang='lat' dir='ltr'>ma-</span> 
     </span>
     <span class='ocr_line' id='line_1_5' title="bbox 212 856 1227 944; baseline 0.009 -24"><span class='ocrx_word' id='word_1_36' title='bbox 212 856 379 936; x_wconf 77' lang='lat' dir='ltr'>defuimus,</span> <span class='ocrx_word' id='word_1_37' title='bbox 395 859 449 922; x_wconf 88' lang='lat' dir='ltr'>nisi</span> <span class='ocrx_word' id='word_1_38' title='bbox 474 859 625 926; x_wconf 84' lang='lat' dir='ltr'>humore:</span> <span class='ocrx_word' id='word_1_39' title='bbox 649 881 708 926; x_wconf 82' lang='lat' dir='ltr'>nec</span> <span class='ocrx_word' id='word_1_40' title='bbox 735 881 783 922; x_wconf 90' lang='lat' dir='ltr'>res</span> <span class='ocrx_word' id='word_1_41' title='bbox 807 861 870 924; x_wconf 82' lang='lat' dir='ltr'>ulla</span> <span class='ocrx_word' id='word_1_42' title='bbox 892 863 946 925; x_wconf 90' lang='lat' dir='ltr'>dat</span> <span class='ocrx_word' id='word_1_43' title='bbox 967 863 1057 926; x_wconf 88' lang='lat' dir='ltr'>ateri</span> <span class='ocrx_word' id='word_1_44' title='bbox 1077 863 1227 944; x_wconf 86' lang='lat' dir='ltr'>colorem,</span> 
     </span>
     <span class='ocr_line' id='line_1_6' title="bbox 124 943 1230 1032; baseline 0.008 -27"><span class='ocrx_word' id='word_1_45' title='bbox 124 988 127 994; x_wconf 80' lang='lat'><em>·</em></span> <span class='ocrx_word' id='word_1_46' title='bbox 210 962 305 1025; x_wconf 88' lang='lat' dir='ltr'>quern</span> <span class='ocrx_word' id='word_1_47' title='bbox 322 943 385 1029; x_wconf 90' lang='lat' dir='ltr'>ipsa</span> <span class='ocrx_word' id='word_1_48' title='bbox 399 967 461 1008; x_wconf 91' lang='lat' dir='ltr'>non</span> <span class='ocrx_word' id='word_1_49' title='bbox 476 943 585 1010; x_wconf 88' lang='lat' dir='ltr'>habet.</span> <span class='ocrx_word' id='word_1_50' title='bbox 622 945 761 1008; x_wconf 84' lang='lat' dir='ltr'>Primum</span> <span class='ocrx_word' id='word_1_51' title='bbox 778 945 823 1008; x_wconf 86' lang='lat' dir='ltr'>est</span> <span class='ocrx_word' id='word_1_52' title='bbox 835 946 944 1032; x_wconf 83' lang='lat' dir='ltr'>igitur,</span> <span class='ocrx_word' id='word_1_53' title='bbox 960 960 997 1010; x_wconf 84' lang='lat' dir='ltr'>ut</span> <span class='ocrx_word' id='word_1_54' title='bbox 1010 949 1093 1032; x_wconf 89' lang='lat' dir='ltr'>apud</span> <span class='ocrx_word' id='word_1_55' title='bbox 1105 971 1161 1012; x_wconf 87' lang='lat' dir='ltr'>uos</span> <span class='ocrx_word' id='word_1_56' title='bbox 1177 972 1230 1014; x_wconf 87' lang='lat' dir='ltr'>va-</span> 
     </span>
     <span class='ocr_line' id='line_1_7' title="bbox 210 1025 1228 1116; baseline 0.009 -27"><span class='ocrx_word' id='word_1_57' title='bbox 210 1025 298 1090; x_wconf 88' lang='lat' dir='ltr'>leant</span> <span class='ocrx_word' id='word_1_58' title='bbox 312 1051 360 1107; x_wconf 88' lang='lat' dir='ltr'>ea,</span> <span class='ocrx_word' id='word_1_59' title='bbox 376 1051 449 1114; x_wconf 83' lang='lat' dir='ltr'>quae</span> <span class='ocrx_word' id='word_1_60' title='bbox 464 1029 566 1092; x_wconf 87' lang='lat' dir='ltr'>valere</span> <span class='ocrx_word' id='word_1_61' title='bbox 581 1029 662 1115; x_wconf 84' lang='lat' dir='ltr'>apud</span> <span class='ocrx_word' id='word_1_62' title='bbox 680 1029 825 1116; x_wconf 85' lang='lat' dir='ltr'>judicem</span> <span class='ocrx_word' id='word_1_63' title='bbox 848 1032 1016 1096; x_wconf 86' lang='lat' dir='ltr'>volumus:</span> <span class='ocrx_word' id='word_1_64' title='bbox 1039 1033 1228 1098; x_wconf 87' lang='lat' dir='ltr'>afficiamur·</span> 
     </span>
     <span class='ocr_line' id='line_1_8' title="bbox 157 1114 1228 1202; baseline 0.008 -28"><span class='ocrx_word' id='word_1_65' title='bbox 157 1121 197 1194; x_wconf 73' lang='lat'>29</span> <span class='ocrx_word' id='word_1_66' title='bbox 210 1129 285 1195; x_wconf 84' lang='lat' dir='ltr'>que,</span> <span class='ocrx_word' id='word_1_67' title='bbox 301 1127 374 1178; x_wconf 89' lang='lat' dir='ltr'>ante</span> <span class='ocrx_word' id='word_1_68' title='bbox 384 1135 482 1198; x_wconf 90' lang='lat' dir='ltr'>quam</span> <span class='ocrx_word' id='word_1_69' title='bbox 498 1114 620 1183; x_wconf 82' lang='lat' dir='ltr'>efficere</span> <span class='ocrx_word' id='word_1_70' title='bbox 632 1135 795 1180; x_wconf 87' lang='lat' dir='ltr'>conemur.</span> <span class='ocrx_word' id='word_1_71' title='bbox 838 1116 897 1193; x_wconf 79' lang='lat' dir='ltr'>At,</span> <span class='ocrx_word' id='word_1_72' title='bbox 913 1137 978 1202; x_wconf 94' lang='lat' dir='ltr'>quo</span> <span class='ocrx_word' id='word_1_73' title='bbox 1000 1117 1098 1182; x_wconf 80' lang='lat' dir='ltr'>niodo</span> <span class='ocrx_word' id='word_1_74' title='bbox 1110 1119 1175 1197; x_wconf 81' lang='lat' dir='ltr'>ret,</span> <span class='ocrx_word' id='word_1_75' title='bbox 1191 1131 1228 1184; x_wconf 92' lang='lat' dir='ltr'>ut</span> 
     </span>
     <span class='ocr_line' id='line_1_9' title="bbox 209 1195 1227 1286; baseline 0.01 -28"><span class='ocrx_word' id='word_1_76' title='bbox 209 1195 403 1268; x_wconf 82' lang='lat' dir='ltr'>afficiamur?</span> <span class='ocrx_word' id='word_1_77' title='bbox 427 1200 637 1286; x_wconf 88' lang='lat' dir='ltr'>nequeenim</span> <span class='ocrx_word' id='word_1_78' title='bbox 661 1200 733 1262; x_wconf 91' lang='lat' dir='ltr'>sunt</span> <span class='ocrx_word' id='word_1_79' title='bbox 756 1211 863 1263; x_wconf 90' lang='lat' dir='ltr'>motus</span> <span class='ocrx_word' id='word_1_80' title='bbox 886 1201 919 1263; x_wconf 92' lang='lat' dir='ltr'>in</span> <span class='ocrx_word' id='word_1_81' title='bbox 944 1203 1044 1267; x_wconf 84' lang='lat' dir='ltr'>nostra</span> <span class='ocrx_word' id='word_1_82' title='bbox 1089 1205 1227 1268; x_wconf 83' lang='lat' dir='ltr'>otelinte.</span> 
     </span>
     <span class='ocr_line' id='line_1_10' title="bbox 209 1281 1226 1365; baseline 0.009 -21"><span class='ocrx_word' id='word_1_83' title='bbox 209 1281 353 1346; x_wconf 87' lang='lat' dir='ltr'>Tentabo</span> <span class='ocrx_word' id='word_1_84' title='bbox 367 1282 462 1346; x_wconf 84' lang='lat' dir='ltr'>etiam</span> <span class='ocrx_word' id='word_1_85' title='bbox 476 1283 518 1347; x_wconf 89' lang='lat' dir='ltr'>de</span> <span class='ocrx_word' id='word_1_86' title='bbox 532 1283 595 1348; x_wconf 90' lang='lat' dir='ltr'>hoo</span> <span class='ocrx_word' id='word_1_87' title='bbox 608 1282 724 1359; x_wconf 83' lang='lat' dir='ltr'>dicere.</span> <span class='ocrx_word' id='word_1_88' title='bbox 768 1285 859 1350; x_wconf 74' lang='lat' dir='ltr'>Quas</span> <span class='ocrx_word' id='word_1_89' title='bbox 880 1283 1036 1365; x_wconf 75' lang='grc' dir='ltr'><strong><em>φαντασίας</em></strong></span> <span class='ocrx_word' id='word_1_90' title='bbox 1085 1288 1156 1351; x_wconf 81' lang='lat' dir='ltr'>raeci</span> <span class='ocrx_word' id='word_1_91' title='bbox 1170 1309 1226 1352; x_wconf 91' lang='lat' dir='ltr'>vo-</span> 
     </span>
     <span class='ocr_line' id='line_1_11' title="bbox 209 1368 1226 1466; baseline 0.006 -36"><span class='ocrx_word' id='word_1_92' title='bbox 209 1379 295 1446; x_wconf 83' lang='lat' dir='ltr'>cant,</span> <span class='ocrx_word' id='word_1_93' title='bbox 311 1389 368 1432; x_wconf 92' lang='lat' dir='ltr'>nos</span> <span class='ocrx_word' id='word_1_94' title='bbox 383 1369 454 1431; x_wconf 88' lang='lat' dir='ltr'>sane</span> <span class='ocrx_word' id='word_1_95' title='bbox 467 1369 590 1466; x_wconf 65' lang='lat' dir='ltr'>vfiones</span> <span class='ocrx_word' id='word_1_96' title='bbox 605 1368 817 1454; x_wconf 85' lang='lat' dir='ltr'><strong>appellemus:</strong></span> <span class='ocrx_word' id='word_1_97' title='bbox 840 1391 896 1454; x_wconf 92' lang='lat' dir='ltr'>per</span> <span class='ocrx_word' id='word_1_98' title='bbox 910 1390 988 1454; x_wconf 86' lang='lat' dir='ltr'>quas</span> <span class='ocrx_word' id='word_1_99' title='bbox 1003 1369 1160 1457; x_wconf 80' lang='lat' dir='ltr'>imagines</span> <span class='ocrx_word' id='word_1_100' title='bbox 1175 1395 1226 1436; x_wconf 83' lang='lat' dir='ltr'>re·</span> 
     </span>
     <span class='ocr_line' id='line_1_12' title="bbox 209 1452 1229 1539; baseline 0.011 -27"><span class='ocrx_word' id='word_1_101' title='bbox 209 1473 280 1515; x_wconf 91' lang='lat' dir='ltr'>rum</span> <span class='ocrx_word' id='word_1_102' title='bbox 296 1452 472 1519; x_wconf 88' lang='lat' dir='ltr'>absentium</span> <span class='ocrx_word' id='word_1_103' title='bbox 494 1465 538 1518; x_wconf 84' lang='lat' dir='ltr'>ita</span> <span class='ocrx_word' id='word_1_104' title='bbox 561 1455 822 1539; x_wconf 79' lang='lat' dir='ltr'>repraesentantur</span> <span class='ocrx_word' id='word_1_105' title='bbox 844 1453 961 1532; x_wconf 85' lang='lat' dir='ltr'>animo,</span> <span class='ocrx_word' id='word_1_106' title='bbox 977 1467 1020 1518; x_wconf 86' lang='lat' dir='ltr'>ut</span> <span class='ocrx_word' id='word_1_107' title='bbox 1035 1477 1087 1519; x_wconf 88' lang='lat' dir='ltr'>eas</span> <span class='ocrx_word' id='word_1_108' title='bbox 1101 1477 1229 1524; x_wconf 87' lang='lat' dir='ltr'>eernere</span> 
     </span>
     <span class='ocr_line' id='line_1_13' title="bbox 154 1535 1235 1628; baseline 0.011 -34"><span class='ocrx_word' id='word_1_109' title='bbox 154 1550 198 1614; x_wconf 82' lang='lat'>30</span> <span class='ocrx_word' id='word_1_110' title='bbox 210 1535 323 1614; x_wconf 87' lang='lat' dir='ltr'>oculis,</span> <span class='ocrx_word' id='word_1_111' title='bbox 339 1537 554 1626; x_wconf 83' lang='lat' dir='ltr'>acpraesentes</span> <span class='ocrx_word' id='word_1_112' title='bbox 566 1538 681 1602; x_wconf 87' lang='lat' dir='ltr'>habere</span> <span class='ocrx_word' id='word_1_113' title='bbox 690 1539 863 1602; x_wconf 87' lang='lat' dir='ltr'>videamur.</span> <span class='ocrx_word' id='word_1_114' title='bbox 906 1541 975 1602; x_wconf 88' lang='lat' dir='ltr'>Has</span> <span class='ocrx_word' id='word_1_115' title='bbox 985 1539 1130 1628; x_wconf 59' lang='lat' dir='ltr'>,quisquis</span> <span class='ocrx_word' id='word_1_116' title='bbox 1144 1544 1235 1625; x_wconf 27' lang='lat' dir='ltr'>bene,</span> 
     </span>
     <span class='ocr_line' id='line_1_14' title="bbox 202 1621 1226 1711; baseline 0.009 -29"><span class='ocrx_word' id='word_1_117' title='bbox 202 1621 424 1706; x_wconf 59' lang='lat' dir='ltr'>conceperim,</span> <span class='ocrx_word' id='word_1_118' title='bbox 443 1622 469 1685; x_wconf 83' lang='lat' dir='ltr'>ia</span> <span class='ocrx_word' id='word_1_119' title='bbox 495 1623 555 1686; x_wconf 87' lang='lat' dir='ltr'>erit</span> <span class='ocrx_word' id='word_1_120' title='bbox 579 1623 611 1686; x_wconf 91' lang='lat' dir='ltr'>in</span> <span class='ocrx_word' id='word_1_121' title='bbox 636 1623 797 1687; x_wconf 72' lang='lat' dir='ltr'>affeuibus</span> <span class='ocrx_word' id='word_1_122' title='bbox 818 1621 1059 1710; x_wconf 78' lang='lat' dir='ltr'>potentissimus.</span> <span class='ocrx_word' id='word_1_123' title='bbox 1104 1623 1226 1711; x_wconf 65' lang='lat' dir='ltr'>Huncr</span> 
     </span>
     <span class='ocr_line' id='line_1_15' title="bbox 209 1705 1224 1793; baseline 0.008 -25"><span class='ocrx_word' id='word_1_124' title='bbox 209 1705 340 1790; x_wconf 87' lang='lat' dir='ltr'>quidam</span> <span class='ocrx_word' id='word_1_125' title='bbox 357 1706 469 1770; x_wconf 92' lang='lat' dir='ltr'>dicunt</span> <span class='ocrx_word' id='word_1_126' title='bbox 483 1707 703 1788; x_wconf 71' lang='grc' dir='ltr'>εὐφαντασίωτον</span> <span class='ocrx_word' id='word_1_127' title='bbox 713 1709 731 1786; x_wconf 67' lang='lat'>³,</span> <span class='ocrx_word' id='word_1_128' title='bbox 747 1708 802 1793; x_wconf 93' lang='lat' dir='ltr'>qui</span> <span class='ocrx_word' id='word_1_129' title='bbox 818 1709 872 1772; x_wconf 87' lang='lat' dir='ltr'>fibi</span> <span class='ocrx_word' id='word_1_130' title='bbox 883 1729 943 1786; x_wconf 85' lang='lat' dir='ltr'>rea,</span> <span class='ocrx_word' id='word_1_131' title='bbox 960 1731 1065 1788; x_wconf 83' lang='lat' dir='ltr'>voces,</span> <span class='ocrx_word' id='word_1_132' title='bbox 1076 1711 1165 1776; x_wconf 71' lang='lat' dir='ltr'>attus</span> <span class='ocrx_word' id='word_1_133' title='bbox 1177 1711 1224 1776; x_wconf 90' lang='lat' dir='ltr'>se-</span> 
     </span>
     <span class='ocr_line' id='line_1_16' title="bbox 209 1790 1227 1880; baseline 0.01 -28"><span class='ocrx_word' id='word_1_134' title='bbox 209 1790 349 1854; x_wconf 87' lang='lat' dir='ltr'>eundum</span> <span class='ocrx_word' id='word_1_135' title='bbox 365 1813 471 1856; x_wconf 82' lang='lat' dir='ltr'>verum</span> <span class='ocrx_word' id='word_1_136' title='bbox 488 1791 608 1877; x_wconf 88' lang='lat' dir='ltr'>optime</span> <span class='ocrx_word' id='word_1_137' title='bbox 622 1792 736 1880; x_wconf 84' lang='lat' dir='ltr'>finget:</span> <span class='ocrx_word' id='word_1_138' title='bbox 760 1793 992 1879; x_wconf 88' lang='lat' dir='ltr'>quodquidem</span> <span class='ocrx_word' id='word_1_139' title='bbox 1008 1795 1100 1859; x_wconf 88' lang='lat' dir='ltr'>nobis</span> <span class='ocrx_word' id='word_1_140' title='bbox 1113 1797 1227 1862; x_wconf 83' lang='lat' dir='ltr'>roien·</span> 
     </span>
     <span class='ocr_line' id='line_1_17' title="bbox 208 1874 1227 1964; baseline 0.01 -28"><span class='ocrx_word' id='word_1_141' title='bbox 208 1874 295 1938; x_wconf 88' lang='lat' dir='ltr'>tibus</span> <span class='ocrx_word' id='word_1_142' title='bbox 310 1875 402 1940; x_wconf 88' lang='lat' dir='ltr'>facile</span> <span class='ocrx_word' id='word_1_143' title='bbox 416 1877 592 1964; x_wconf 88' lang='lat' dir='ltr'>continget.</span> <span class='ocrx_word' id='word_1_144' title='bbox 637 1878 734 1957; x_wconf 88' lang='lat' dir='ltr'>Nam,</span> <span class='ocrx_word' id='word_1_145' title='bbox 750 1892 787 1942; x_wconf 91' lang='lat' dir='ltr'>ut</span> <span class='ocrx_word' id='word_1_146' title='bbox 803 1877 886 1940; x_wconf 87' lang='lat' dir='ltr'>inter</span> <span class='ocrx_word' id='word_1_147' title='bbox 905 1879 972 1940; x_wconf 87' lang='lat' dir='ltr'>otia</span> <span class='ocrx_word' id='word_1_148' title='bbox 986 1879 1177 1962; x_wconf 84' lang='lat' dir='ltr'>animorum,</span> <span class='ocrx_word' id='word_1_149' title='bbox 1194 1897 1227 1946; x_wconf 90' lang='lat' dir='ltr'>et</span> 
     </span>
     <span class='ocr_line' id='line_1_18' title="bbox 207 1958 1226 2049; baseline 0.009 -27"><span class='ocrx_word' id='word_1_150' title='bbox 207 1958 276 2045; x_wconf 92' lang='lat' dir='ltr'>spes</span> <span class='ocrx_word' id='word_1_151' title='bbox 291 1961 411 2039; x_wconf 81' lang='lat' dir='ltr'>inance,</span> <span class='ocrx_word' id='word_1_152' title='bbox 427 1976 460 2025; x_wconf 89' lang='lat' dir='ltr'>et</span> <span class='ocrx_word' id='word_1_153' title='bbox 476 1961 562 2026; x_wconf 91' lang='lat' dir='ltr'>velut</span> <span class='ocrx_word' id='word_1_154' title='bbox 575 1962 695 2026; x_wconf 78' lang='lat' dir='ltr'>somnia</span> <span class='ocrx_word' id='word_1_155' title='bbox 707 1961 852 2048; x_wconf 78' lang='lat' dir='ltr'>quaedam</span> <span class='ocrx_word' id='word_1_156' title='bbox 870 1962 1086 2049; x_wconf 67' lang='lat' dir='ltr'>vigilantium</span> <span class='ocrx_word' id='word_1_157' title='bbox 1110 1965 1153 2030; x_wconf 88' lang='lat' dir='ltr'>ita</span> <span class='ocrx_word' id='word_1_158' title='bbox 1168 1989 1226 2031; x_wconf 87' lang='lat' dir='ltr'>nos</span> 
     </span>
     <span class='ocr_line' id='line_1_19' title="bbox 157 2039 1225 2136; baseline 0.009 -30"><span class='ocrx_word' id='word_1_159' title='bbox 157 2107 160 2119; x_wconf 60' lang='lat'>,</span> <span class='ocrx_word' id='word_1_160' title='bbox 208 2043 271 2123; x_wconf 89' lang='lat' dir='ltr'>hae,</span> <span class='ocrx_word' id='word_1_161' title='bbox 284 2045 325 2109; x_wconf 86' lang='lat' dir='ltr'>de</span> <span class='ocrx_word' id='word_1_162' title='bbox 338 2046 454 2136; x_wconf 85' lang='lat' dir='ltr'>quibus</span> <span class='ocrx_word' id='word_1_163' title='bbox 468 2039 643 2132; x_wconf 79' lang='lat' dir='ltr'>loquimur,</span> <span class='ocrx_word' id='word_1_164' title='bbox 656 2047 809 2134; x_wconf 84' lang='lat' dir='ltr'>imagines</span> <span class='ocrx_word' id='word_1_165' title='bbox 831 2048 1070 2134; x_wconf 80' lang='lat' dir='ltr'>prosequuntur,</span> <span class='ocrx_word' id='word_1_166' title='bbox 1086 2064 1122 2114; x_wconf 92' lang='lat' dir='ltr'>ut</span> <span class='ocrx_word' id='word_1_167' title='bbox 1137 2071 1225 2136; x_wconf 84' lang='lat' dir='ltr'>pere-</span> 
     </span>
     <span class='ocr_line' id='line_1_20' title="bbox 205 2130 1277 2219; baseline 0.007 -26"><span class='ocrx_word' id='word_1_168' title='bbox 205 2131 337 2215; x_wconf 84' lang='lat' dir='ltr'>grinari,</span> <span class='ocrx_word' id='word_1_169' title='bbox 359 2131 516 2218; x_wconf 82' lang='lat' dir='ltr'>navigare,</span> <span class='ocrx_word' id='word_1_170' title='bbox 543 2130 686 2218; x_wconf 72' lang='lat' dir='ltr'>praeliari,</span> <span class='ocrx_word' id='word_1_171' title='bbox 708 2132 841 2218; x_wconf 88' lang='lat' dir='ltr'>populos</span> <span class='ocrx_word' id='word_1_172' title='bbox 869 2131 1002 2219; x_wconf 78' lang='lat' dir='ltr'>alloqui,</span> <span class='ocrx_word' id='word_1_173' title='bbox 1032 2134 1225 2215; x_wconf 70' lang='lat' dir='ltr'>diviiarum&#39;,</span> <span class='ocrx_word' id='word_1_174' title='bbox 1273 2135 1277 2148; x_wconf 72' lang='lat'><strong><em>¹</em></strong></span> 
     </span>
     <span class='ocr_line' id='line_1_21' title="bbox 205 2217 1301 2308; baseline 0.008 -30"><span class='ocrx_word' id='word_1_175' title='bbox 205 2235 284 2299; x_wconf 84' lang='lat' dir='ltr'>quas</span> <span class='ocrx_word' id='word_1_176' title='bbox 298 2225 362 2280; x_wconf 84' lang='lat' dir='ltr'>nori</span> <span class='ocrx_word' id='word_1_177' title='bbox 384 2217 551 2296; x_wconf 88' lang='lat' dir='ltr'>habemus,</span> <span class='ocrx_word' id='word_1_178' title='bbox 568 2217 656 2290; x_wconf 88' lang='lat' dir='ltr'>usum</span> <span class='ocrx_word' id='word_1_179' title='bbox 676 2217 840 2281; x_wconf 87' lang='lat' dir='ltr'>videamur</span> <span class='ocrx_word' id='word_1_180' title='bbox 859 2217 1032 2302; x_wconf 82' lang='lat' dir='ltr'>disponere,</span> <span class='ocrx_word' id='word_1_181' title='bbox 1054 2243 1113 2284; x_wconf 90' lang='lat' dir='ltr'>nec</span> <span class='ocrx_word' id='word_1_182' title='bbox 1135 2219 1226 2308; x_wconf 85' lang='lat' dir='ltr'>cogi·</span> <span class='ocrx_word' id='word_1_183' title='bbox 1296 2267 1301 2287; x_wconf 84' lang='grc'><strong><em>.</em></strong></span> 
     </span>
     <span class='ocr_line' id='line_1_22' title="bbox 152 2301 1225 2381; baseline 0.011 -21"><span class='ocrx_word' id='word_1_184' title='bbox 152 2316 191 2381; x_wconf 82' lang='lat'>31</span> <span class='ocrx_word' id='word_1_185' title='bbox 206 2312 282 2379; x_wconf 87' lang='lat' dir='ltr'>tare,</span> <span class='ocrx_word' id='word_1_186' title='bbox 309 2301 361 2364; x_wconf 89' lang='lat' dir='ltr'>sed</span> <span class='ocrx_word' id='word_1_187' title='bbox 386 2301 498 2366; x_wconf 70' lang='lat' dir='ltr'>facere</span> <span class='ocrx_word' id='word_1_188' title='bbox 544 2303 618 2366; x_wconf 90' lang='lat' dir='ltr'>Hoc</span> <span class='ocrx_word' id='word_1_189' title='bbox 641 2302 740 2366; x_wconf 85' lang='lat' dir='ltr'>animi</span> <span class='ocrx_word' id='word_1_190' title='bbox 765 2301 878 2366; x_wconf 90' lang='lat' dir='ltr'>vitium</span> <span class='ocrx_word' id='word_1_191' title='bbox 905 2303 946 2366; x_wconf 84' lang='lat' dir='ltr'>ad</span> <span class='ocrx_word' id='word_1_192' title='bbox 968 2304 1137 2374; x_wconf 82' lang='lat' dir='ltr'>utilitatem</span> <span class='ocrx_word' id='word_1_193' title='bbox 1161 2327 1225 2372; x_wconf 87' lang='lat' dir='ltr'>nou</span> 
     </span>
     <span class='ocr_line' id='line_1_23' title="bbox 205 2385 1223 2473; baseline 0.007 -26"><span class='ocrx_word' id='word_1_194' title='bbox 205 2385 467 2450; x_wconf 51' lang='lat' dir='ltr'>transferemnw?</span> <span class='ocrx_word' id='word_1_195' title='bbox 493 2389 540 2450; x_wconf 91' lang='lat' dir='ltr'>Ut</span> <span class='ocrx_word' id='word_1_196' title='bbox 564 2385 745 2454; x_wconf 79' lang='lat' dir='ltr'>¹ii0minem</span> <span class='ocrx_word' id='word_1_197' title='bbox 759 2386 896 2452; x_wconf 84' lang='lat' dir='ltr'>occisum</span> <span class='ocrx_word' id='word_1_198' title='bbox 916 2409 1049 2473; x_wconf 83' lang='lat' dir='ltr'>querar3</span> <span class='ocrx_word' id='word_1_199' title='bbox 1073 2412 1135 2453; x_wconf 92' lang='lat' dir='ltr'>non</span> <span class='ocrx_word' id='word_1_200' title='bbox 1152 2409 1223 2454; x_wconf 86' lang='lat' dir='ltr'>om-</span> 
     </span>
     <span class='ocr_line' id='line_1_24' title="bbox 205 2469 1223 2556; baseline 0.01 -26"><span class='ocrx_word' id='word_1_201' title='bbox 205 2469 268 2547; x_wconf 87' lang='lat' dir='ltr'>nia,</span> <span class='ocrx_word' id='word_1_202' title='bbox 280 2493 353 2556; x_wconf 85' lang='lat' dir='ltr'>quae</span> <span class='ocrx_word' id='word_1_203' title='bbox 368 2471 446 2534; x_wconf 87' lang='lat' dir='ltr'>inre</span> <span class='ocrx_word' id='word_1_204' title='bbox 460 2471 603 2555; x_wconf 88' lang='lat' dir='ltr'>praesenti</span> <span class='ocrx_word' id='word_1_205' title='bbox 616 2471 757 2535; x_wconf 86' lang='lat' dir='ltr'>accidisse</span> <span class='ocrx_word' id='word_1_206' title='bbox 770 2469 921 2534; x_wconf 84' lang='lat' dir='ltr'>credibile</span> <span class='ocrx_word' id='word_1_207' title='bbox 935 2473 988 2551; x_wconf 84' lang='lat' dir='ltr'>est,</span> <span class='ocrx_word' id='word_1_208' title='bbox 1001 2473 1034 2535; x_wconf 92' lang='lat' dir='ltr'>in</span> <span class='ocrx_word' id='word_1_209' title='bbox 1049 2475 1150 2538; x_wconf 87' lang='lat' dir='ltr'>oculis</span> <span class='ocrx_word' id='word_1_210' title='bbox 1165 2475 1223 2540; x_wconf 83' lang='lat' dir='ltr'>hn-</span> 
     </span>
     <span class='ocr_line' id='line_1_25' title="bbox 205 2552 1223 2644; baseline 0.008 -26"><span class='ocrx_word' id='word_1_211' title='bbox 205 2552 312 2620; x_wconf 80' lang='lat' dir='ltr'>bebo?</span> <span class='ocrx_word' id='word_1_212' title='bbox 337 2577 400 2622; x_wconf 92' lang='lat' dir='ltr'>non</span> <span class='ocrx_word' id='word_1_213' title='bbox 421 2555 576 2642; x_wconf 82' lang='lat' dir='ltr'>percussor</span> <span class='ocrx_word' id='word_1_214' title='bbox 598 2555 654 2626; x_wconf 75' lang='lat' dir='ltr'>ille</span> <span class='ocrx_word' id='word_1_215' title='bbox 676 2555 796 2624; x_wconf 87' lang='lat' dir='ltr'>subitus</span> <span class='ocrx_word' id='word_1_216' title='bbox 806 2558 974 2642; x_wconf 78' lang='lat' dir='ltr'>¹erumpet?</span> <span class='ocrx_word' id='word_1_217' title='bbox 999 2579 1062 2626; x_wconf 83' lang='lat' dir='ltr'>non</span> <span class='ocrx_word' id='word_1_218' title='bbox 1077 2557 1223 2644; x_wconf 72' lang='lat' dir='ltr'>expaves·</span> 
     </span>
     <span class='ocr_line' id='line_1_26' title="bbox 205 2638 1302 2730; baseline 0.005 -28"><span class='ocrx_word' id='word_1_219' title='bbox 205 2650 257 2702; x_wconf 90' lang='lat' dir='ltr'>cet</span> <span class='ocrx_word' id='word_1_220' title='bbox 271 2638 530 2704; x_wconf 87' lang='lat' dir='ltr'>circumventus?</span> <span class='ocrx_word' id='word_1_221' title='bbox 554 2640 764 2704; x_wconf 80' lang='lat' dir='ltr'>exclamabit?</span> <span class='ocrx_word' id='word_1_222' title='bbox 790 2639 839 2703; x_wconf 87' lang='lat' dir='ltr'>vel</span> <span class='ocrx_word' id='word_1_223' title='bbox 853 2640 1000 2726; x_wconf 83' lang='lat' dir='ltr'>rogabit?</span> <span class='ocrx_word' id='word_1_224' title='bbox 1025 2643 1075 2708; x_wconf 88' lang='lat' dir='ltr'>vel</span> <span class='ocrx_word' id='word_1_225' title='bbox 1095 2642 1220 2730; x_wconf 83' lang='lat' dir='ltr'>fugiet?</span> <span class='ocrx_word' id='word_1_226' title='bbox 1301 2699 1302 2708; x_wconf 73' lang='grc'>,</span> 
     </span>
     <span class='ocr_line' id='line_1_27' title="bbox 151 2723 1222 2804; baseline 0.01 -22"><span class='ocrx_word' id='word_1_227' title='bbox 151 2735 193 2802; x_wconf 81' lang='lat'>32</span> <span class='ocrx_word' id='word_1_228' title='bbox 206 2745 268 2788; x_wconf 89' lang='lat' dir='ltr'>non</span> <span class='ocrx_word' id='word_1_229' title='bbox 284 2723 460 2803; x_wconf 84' lang='lat' dir='ltr'>ferientem,</span> <span class='ocrx_word' id='word_1_230' title='bbox 476 2745 540 2788; x_wconf 93' lang='lat' dir='ltr'>non</span> <span class='ocrx_word' id='word_1_231' title='bbox 555 2725 776 2790; x_wconf 87' lang='lat' dir='ltr'>concidentem</span> <span class='ocrx_word' id='word_1_232' title='bbox 793 2723 928 2788; x_wconf 88' lang='lat' dir='ltr'>videbo?</span> <span class='ocrx_word' id='word_1_233' title='bbox 953 2747 1015 2804; x_wconf 84' lang='lat' dir='ltr'>non</span> <span class='ocrx_word' id='word_1_234' title='bbox 1030 2728 1138 2790; x_wconf 83' lang='lat' dir='ltr'>animo</span> <span class='ocrx_word' id='word_1_235' title='bbox 1153 2729 1222 2794; x_wconf 90' lang='lat' dir='ltr'>saii-</span> 
     </span>
     <span class='ocr_line' id='line_1_28' title="bbox 169 2808 1222 2898; baseline 0.005 -26"><span class='ocrx_word' id='word_1_236' title='bbox 169 2853 171 2857; x_wconf 90' lang='lat'><em>-</em></span> <span class='ocrx_word' id='word_1_237' title='bbox 204 2808 290 2893; x_wconf 84' lang='lat' dir='ltr'>guis,</span> <span class='ocrx_word' id='word_1_238' title='bbox 303 2822 336 2872; x_wconf 86' lang='lat' dir='ltr'>ct</span> <span class='ocrx_word' id='word_1_239' title='bbox 349 2810 449 2896; x_wconf 80' lang='lat' dir='ltr'>pallor</span> <span class='ocrx_word' id='word_1_240' title='bbox 462 2823 493 2888; x_wconf 81' lang='lat'>¹²¹,</span> <span class='ocrx_word' id='word_1_241' title='bbox 509 2822 542 2876; x_wconf 88' lang='lat' dir='ltr'>et</span> <span class='ocrx_word' id='word_1_242' title='bbox 563 2809 715 2896; x_wconf 79' lang='lat' dir='ltr'>gemitus,</span> <span class='ocrx_word' id='word_1_243' title='bbox 730 2823 891 2874; x_wconf 83' lang='lat' dir='ltr'>extremus</span> <span class='ocrx_word' id='word_1_244' title='bbox 912 2809 1050 2897; x_wconf 87' lang='lat' dir='ltr'>deniqne</span> <span class='ocrx_word' id='word_1_245' title='bbox 1064 2814 1222 2898; x_wconf 84' lang='lat' dir='ltr'>exspiran-</span> 
     </span>
     <span class='ocr_line' id='line_1_29' title="bbox 204 2893 1220 2984; baseline 0.008 -30"><span class='ocrx_word' id='word_1_246' title='bbox 204 2893 246 2956; x_wconf 83' lang='lat' dir='ltr'>tis</span> <span class='ocrx_word' id='word_1_247' title='bbox 261 2893 365 2958; x_wconf 88' lang='lat' dir='ltr'>hiatus</span> <span class='ocrx_word' id='word_1_248' title='bbox 378 2893 510 2958; x_wconf 77' lang='lat' dir='ltr'>insidet?</span> <span class='ocrx_word' id='word_1_249' title='bbox 536 2895 720 2981; x_wconf 85' lang='lat' dir='ltr'>insequetur</span> <span class='ocrx_word' id='word_1_250' title='bbox 736 2894 875 2978; x_wconf 75' lang='grc' dir='ltr'><em>ἐνάργεια,</em></span> <span class='ocrx_word' id='word_1_251' title='bbox 891 2917 964 2984; x_wconf 88' lang='lat' dir='ltr'>quae</span> <span class='ocrx_word' id='word_1_252' title='bbox 980 2918 998 2960; x_wconf 88' lang='lat' dir='ltr'>a</span> <span class='ocrx_word' id='word_1_253' title='bbox 1014 2897 1167 2962; x_wconf 86' lang='lat' dir='ltr'>Cicerone</span> <span class='ocrx_word' id='word_1_254' title='bbox 1183 2901 1220 2962; x_wconf 88' lang='lat' dir='ltr'>il-</span> 
     </span>
     <span class='ocr_line' id='line_1_30' title="bbox 102 2977 1221 3064; baseline 0.008 -25"><span class='ocrx_word' id='word_1_255' title='bbox 102 2985 104 2988; x_wconf 83' lang='lat'>&#39;</span> <span class='ocrx_word' id='word_1_256' title='bbox 126 3021 128 3024; x_wconf 91' lang='lat'>-</span> <span class='ocrx_word' id='word_1_257' title='bbox 203 2977 335 3064; x_wconf 82' lang='lat' dir='ltr'>lustratio</span> <span class='ocrx_word' id='word_1_258' title='bbox 349 2991 377 3043; x_wconf 80' lang='lat' dir='ltr'>et</span> <span class='ocrx_word' id='word_1_259' title='bbox 391 2979 542 3044; x_wconf 80' lang='lat' dir='ltr'>evidentia</span> <span class='ocrx_word' id='word_1_260' title='bbox 557 2981 751 3058; x_wconf 88' lang='lat' dir='ltr'>nominatur,</span> <span class='ocrx_word' id='word_1_261' title='bbox 767 3000 839 3064; x_wconf 87' lang='lat' dir='ltr'>quae</span> <span class='ocrx_word' id='word_1_262' title='bbox 856 3001 919 3042; x_wconf 92' lang='lat' dir='ltr'>non</span> <span class='ocrx_word' id='word_1_263' title='bbox 934 2992 999 3045; x_wconf 83' lang='lat' dir='ltr'>tarn</span> <span class='ocrx_word' id='word_1_264' title='bbox 1014 2981 1118 3048; x_wconf 91' lang='lat' dir='ltr'>dicere</span> <span class='ocrx_word' id='word_1_265' title='bbox 1133 2983 1221 3048; x_wconf 87' lang='lat' dir='ltr'>vide·</span> 
     </span>
     <span class='ocr_line' id='line_1_31' title="bbox 203 3063 1258 3162; baseline 0.005 -35"><span class='ocrx_word' id='word_1_266' title='bbox 203 3075 265 3143; x_wconf 91' lang='lat' dir='ltr'>tur,</span> <span class='ocrx_word' id='word_1_267' title='bbox 281 3087 376 3162; x_wconf 83' lang='lat' dir='ltr'>quam</span> <span class='ocrx_word' id='word_1_268' title='bbox 392 3063 575 3132; x_wconf 82' lang='lat' dir='ltr'>ostendere:</span> <span class='ocrx_word' id='word_1_269' title='bbox 599 3077 632 3130; x_wconf 89' lang='lat' dir='ltr'>et</span> <span class='ocrx_word' id='word_1_270' title='bbox 646 3065 777 3130; x_wconf 73' lang='lat' dir='ltr'>affectus</span> <span class='ocrx_word' id='word_1_271' title='bbox 791 3081 853 3125; x_wconf 92' lang='lat' dir='ltr'>non</span> <span class='ocrx_word' id='word_1_272' title='bbox 868 3063 970 3144; x_wconf 88' lang='lat' dir='ltr'>aliter,</span> <span class='ocrx_word' id='word_1_273' title='bbox 982 3077 1076 3152; x_wconf 90' lang='lat' dir='ltr'>quam</span> <span class='ocrx_word' id='word_1_274' title='bbox 1093 3068 1113 3130; x_wconf 87' lang='lat' dir='ltr'>fi</span> <span class='ocrx_word' id='word_1_275' title='bbox 1129 3070 1222 3134; x_wconf 78' lang='lat' dir='ltr'>rebus</span> <span class='ocrx_word' id='word_1_276' title='bbox 1257 3095 1258 3098; x_wconf 43' lang='lat'>¹</span> 
     </span>
     <span class='ocr_line' id='line_1_32' title="bbox 199 3147 1221 3298; baseline 0.006 -86"><span class='ocrx_word' id='word_1_277' title='bbox 199 3147 273 3298; x_wconf 44' lang='lat' dir='ltr'>ipsis</span> <span class='ocrx_word' id='word_1_278' title='bbox 288 3151 474 3230; x_wconf 87' lang='lat' dir='ltr'>intersimus,</span> <span class='ocrx_word' id='word_1_279' title='bbox 490 3150 670 3238; x_wconf 83' lang='lat' dir='ltr'>sequentur.</span> <span class='ocrx_word' id='word_1_280' title='bbox 713 3151 766 3214; x_wconf 89' lang='lat' dir='ltr'>An</span> <span class='ocrx_word' id='word_1_281' title='bbox 782 3153 847 3212; x_wconf 86' lang='lat' dir='ltr'>riou</span> <span class='ocrx_word' id='word_1_282' title='bbox 861 3169 901 3212; x_wconf 88' lang='lat' dir='ltr'>ex</span> <span class='ocrx_word' id='word_1_283' title='bbox 914 3149 964 3213; x_wconf 86' lang='lat' dir='ltr'>liis</span> <span class='ocrx_word' id='word_1_284' title='bbox 983 3151 1152 3218; x_wconf 81' lang='lat' dir='ltr'>visionibus</span> <span class='ocrx_word' id='word_1_285' title='bbox 1165 3150 1221 3218; x_wconf 79' lang='lat' dir='ltr'>illa</span> 
     </span>
     <span class='ocr_line' id='line_1_33' title="bbox 213 3247 282 3316; baseline 0 -19"><span class='ocrx_word' id='word_1_286' title='bbox 213 3247 282 3316; x_wconf 89' lang='lat' dir='ltr'>unt,</span> 
     </span>
    </p>
   </div>
   <div class='ocr_carea' id='block_1_4' title="bbox 200 3383 1219 3536">
    <p class='ocr_par' dir='ltr' id='par_1_4' title="bbox 200 3383 1219 3536">
     <span class='ocr_line' id='line_1_34' title="bbox 232 3383 1219 3472; baseline 0.009 -20"><span class='ocrx_word' id='word_1_287' title='bbox 232 3406 283 3453; x_wconf 71' lang='lat' dir='ltr'>en</span> <span class='ocrx_word' id='word_1_288' title='bbox 298 3383 332 3456; x_wconf 64' lang='grc' dir='ltr'>εᾱζ</span> <span class='ocrx_word' id='word_1_289' title='bbox 393 3405 562 3470; x_wconf 67' lang='lat' dir='ltr'>‘patrante</span> <span class='ocrx_word' id='word_1_290' title='bbox 627 3407 744 3472; x_wconf 68' lang='lat' dir='ltr'>saepen</span> <span class='ocrx_word' id='word_1_291' title='bbox 755 3408 786 3456; x_wconf 83' lang='lat' dir='ltr'>u.</span> <span class='ocrx_word' id='word_1_292' title='bbox 798 3423 821 3458; x_wconf 82' lang='lat'>2.</span> <span class='ocrx_word' id='word_1_293' title='bbox 886 3391 962 3458; x_wconf 61' lang='lat' dir='ltr'>inu</span> <span class='ocrx_word' id='word_1_294' title='bbox 976 3409 1038 3458; x_wconf 76' lang='lat' dir='ltr'>reni.</span> <span class='ocrx_word' id='word_1_295' title='bbox 1103 3409 1146 3460; x_wconf 76' lang='lat' dir='ltr'>in</span> <span class='ocrx_word' id='word_1_296' title='bbox 1162 3411 1219 3461; x_wconf 64' lang='lat' dir='ltr'>aaa</span> 
     </span>
     <span class='ocr_line' id='line_1_35' title="bbox 200 3467 1115 3536; baseline 0.011 -23"><span class='ocrx_word' id='word_1_297' title='bbox 200 3468 261 3532; x_wconf 75' lang='grc' dir='ltr'>σιφόν</span> <span class='ocrx_word' id='word_1_298' title='bbox 273 3471 303 3520; x_wconf 85' lang='lat' dir='ltr'>G.</span> <span class='ocrx_word' id='word_1_299' title='bbox 368 3467 631 3522; x_wconf 60' lang='grc' dir='ltr'>Ιῑῑῐαηείοτίιηυεὴηΐ.</span> <span class='ocrx_word' id='word_1_300' title='bbox 694 3473 752 3520; x_wconf 84' lang='lat' dir='ltr'>¹At</span> <span class='ocrx_word' id='word_1_301' title='bbox 763 3473 793 3520; x_wconf 88' lang='lat' dir='ltr'>G.</span> <span class='ocrx_word' id='word_1_302' title='bbox 804 3471 867 3521; x_wconf 87' lang='lat' dir='ltr'>Jcns.</span> <span class='ocrx_word' id='word_1_303' title='bbox 931 3477 950 3504; x_wconf 76' lang='lat'>¹¹¹</span> <span class='ocrx_word' id='word_1_304' title='bbox 969 3488 1042 3536; x_wconf 85' lang='lat' dir='ltr'>pavor</span> <span class='ocrx_word' id='word_1_305' title='bbox 1052 3475 1115 3525; x_wconf 82' lang='lat' dir='ltr'>lens.</span> 
     </span>
    </p>
   </div>
   <div class='ocr_carea' id='block_1_5' title="bbox 197 3649 1236 3930">
    <p class='ocr_par' dir='ltr' id='par_1_5' title="bbox 197 3649 1236 3930">
     <span class='ocr_line' id='line_1_36' title="bbox 234 3649 1236 3722; baseline 0.008 -21"><span class='ocrx_word' id='word_1_306' title='bbox 234 3656 278 3702; x_wconf 69' lang='grc' dir='ltr'>ιε.</span> <span class='ocrx_word' id='word_1_307' title='bbox 290 3649 420 3704; x_wconf 66' lang='lat' dir='ltr'>datalia?</span> <span class='ocrx_word' id='word_1_308' title='bbox 429 3651 539 3717; x_wconf 80' lang='lat' dir='ltr'>colorem]</span> <span class='ocrx_word' id='word_1_309' title='bbox 559 3653 679 3704; x_wconf 84' lang='lat' dir='ltr'>Nonver·</span> <span class='ocrx_word' id='word_1_310' title='bbox 729 3651 852 3706; x_wconf 78' lang='lat' dir='ltr'>summurn</span> <span class='ocrx_word' id='word_1_311' title='bbox 870 3652 1012 3722; x_wconf 83' lang='lat' dir='ltr'>magilinun</span> <span class='ocrx_word' id='word_1_312' title='bbox 1031 3654 1174 3722; x_wconf 73' lang='lat' dir='ltr'>&#39;Longinum</span> <span class='ocrx_word' id='word_1_313' title='bbox 1191 3673 1214 3709; x_wconf 88' lang='lat' dir='ltr'>c.</span> <span class='ocrx_word' id='word_1_314' title='bbox 1234 3662 1236 3666; x_wconf 88' lang='grc'><strong>’</strong></span> 
     </span>
     <span class='ocr_line' id='line_1_37' title="bbox 198 3719 1196 3790; baseline 0.005 -19"><span class='ocrx_word' id='word_1_315' title='bbox 198 3719 265 3772; x_wconf 88' lang='lat' dir='ltr'>satur</span> <span class='ocrx_word' id='word_1_316' title='bbox 279 3722 373 3772; x_wconf 86' lang='lat' dir='ltr'>Fabius</span> <span class='ocrx_word' id='word_1_317' title='bbox 387 3722 413 3772; x_wconf 93' lang='lat' dir='ltr'>in</span> <span class='ocrx_word' id='word_1_318' title='bbox 432 3737 513 3772; x_wconf 85' lang='lat' dir='ltr'>rerum</span> <span class='ocrx_word' id='word_1_319' title='bbox 530 3722 681 3773; x_wconf 88' lang='lat' dir='ltr'>naturalium</span> <span class='ocrx_word' id='word_1_320' title='bbox 731 3739 742 3773; x_wconf 87' lang='lat' dir='ltr'>r</span> <span class='ocrx_word' id='word_1_321' title='bbox 749 3740 773 3787; x_wconf 83' lang='lat'>5.</span> <span class='ocrx_word' id='word_1_322' title='bbox 786 3733 810 3772; x_wconf 85' lang='lat' dir='ltr'>et</span> <span class='ocrx_word' id='word_1_323' title='bbox 822 3739 880 3790; x_wconf 80' lang='lat' dir='ltr'>qnae,</span> <span class='ocrx_word' id='word_1_324' title='bbox 890 3727 921 3773; x_wconf 88' lang='lat' dir='ltr'>ad</span> <span class='ocrx_word' id='word_1_325' title='bbox 932 3741 987 3776; x_wconf 86' lang='lat' dir='ltr'>eum</span> <span class='ocrx_word' id='word_1_326' title='bbox 1000 3725 1046 3776; x_wconf 86' lang='lat' dir='ltr'>viri</span> <span class='ocrx_word' id='word_1_327' title='bbox 1056 3724 1196 3778; x_wconf 76' lang='lat' dir='ltr'>doslisliini.</span> 
     </span>
     <span class='ocr_line' id='line_1_38' title="bbox 197 3789 1215 3860; baseline 0.007 -20"><span class='ocrx_word' id='word_1_328' title='bbox 197 3789 368 3852; x_wconf 54' lang='lat' dir='ltr'>dodemanni</span> <span class='ocrx_word' id='word_1_329' title='bbox 376 3793 441 3842; x_wconf 84' lang='lat' dir='ltr'>circa</span> <span class='ocrx_word' id='word_1_330' title='bbox 451 3792 614 3860; x_wconf 85' lang='lat' dir='ltr'>experimenta</span> <span class='ocrx_word' id='word_1_331' title='bbox 624 3792 680 3844; x_wconf 85' lang='lat' dir='ltr'>clie-</span> <span class='ocrx_word' id='word_1_332' title='bbox 766 3809 807 3855; x_wconf 80' lang='lat'>3²·</span> <span class='ocrx_word' id='word_1_333' title='bbox 833 3807 851 3840; x_wconf 90' lang='lat' dir='ltr'><em>a</em></span> <span class='ocrx_word' id='word_1_334' title='bbox 874 3790 997 3857; x_wconf 77' lang='lat' dir='ltr'>cicerone]</span> <span class='ocrx_word' id='word_1_335' title='bbox 1027 3795 1112 3846; x_wconf 79' lang='lat' dir='ltr'>Aean.</span> <span class='ocrx_word' id='word_1_336' title='bbox 1136 3811 1163 3858; x_wconf 89' lang='lat'>4,</span> <span class='ocrx_word' id='word_1_337' title='bbox 1188 3798 1215 3848; x_wconf 87' lang='grc'>6.</span> 
     </span>
     <span class='ocr_line' id='line_1_39' title="bbox 197 3858 1216 3930; baseline 0.001 -21"><span class='ocrx_word' id='word_1_338' title='bbox 197 3860 333 3925; x_wconf 83' lang='lat' dir='ltr'>inicorum3</span> <span class='ocrx_word' id='word_1_339' title='bbox 359 3859 418 3912; x_wconf 87' lang='lat' dir='ltr'>alias</span> <span class='ocrx_word' id='word_1_340' title='bbox 436 3859 508 3911; x_wconf 87' lang='lat' dir='ltr'>facile</span> <span class='ocrx_word' id='word_1_341' title='bbox 527 3859 581 3912; x_wconf 85' lang='lat' dir='ltr'>esset</span> <span class='ocrx_word' id='word_1_342' title='bbox 600 3877 680 3912; x_wconf 84' lang='lat' dir='ltr'>exem·</span> <span class='ocrx_word' id='word_1_343' title='bbox 730 3861 803 3930; x_wconf 73' lang='lat' dir='ltr'>Quid</span> <span class='ocrx_word' id='word_1_344' title='bbox 820 3858 881 3910; x_wconf 77' lang='lat' dir='ltr'>nihil</span> <span class='ocrx_word' id='word_1_345' title='bbox 898 3859 990 3913; x_wconf 83' lang='lat' dir='ltr'>clarius</span> <span class='ocrx_word' id='word_1_346' title='bbox 1006 3861 1058 3930; x_wconf 80' lang='lat' dir='ltr'>effer</span> <span class='ocrx_word' id='word_1_347' title='bbox 1075 3867 1176 3927; x_wconf 64' lang='grc' dir='ltr'>ἐναργείᾳ,</span> <span class='ocrx_word' id='word_1_348' title='bbox 1188 3875 1216 3918; x_wconf 75' lang='lat' dir='ltr'>ur</span> 
     </span>
    </p>
   </div>
   <div class='ocr_carea' id='block_1_6' title="bbox 1464 0 1472 790">
    <p class='ocr_par' dir='ltr' id='par_1_6' title="bbox 1464 0 1472 790">
     <span class='ocr_line' id='line_1_40' title="bbox 1464 0 1472 790; baseline 0 0"><span class='ocrx_word' id='word_1_349' title='bbox 1464 0 1472 790; x_wconf 95' lang='lat' dir='ltr'> </span> 
     </span>
    </p>
   </div>
   <div class='ocr_carea' id='block_1_7' title="bbox 197 3927 1316 4000">
    <p class='ocr_par' dir='ltr' id='par_1_7' title="bbox 197 3927 1316 4000">
     <span class='ocr_line' id='line_1_41' title="bbox 197 3927 1316 4000; baseline 0.006 -23"><span class='ocrx_word' id='word_1_350' title='bbox 197 3927 245 3996; x_wconf 86' lang='lat' dir='ltr'>plis</span> <span class='ocrx_word' id='word_1_351' title='bbox 266 3928 308 3979; x_wconf 86' lang='lat' dir='ltr'>isla</span> <span class='ocrx_word' id='word_1_352' title='bbox 327 3931 447 3982; x_wconf 86' lang='lat' dir='ltr'>revincere</span> <span class='ocrx_word' id='word_1_353' title='bbox 464 3942 517 3980; x_wconf 86' lang='lat' dir='ltr'>tuin</span> <span class='ocrx_word' id='word_1_354' title='bbox 542 3928 684 3997; x_wconf 80' lang='lat' dir='ltr'>vulgaribus</span> <span class='ocrx_word' id='word_1_355' title='bbox 730 3927 810 3980; x_wconf 72' lang='lat' dir='ltr'>Greci</span> <span class='ocrx_word' id='word_1_356' title='bbox 822 3949 829 3979; x_wconf 70' lang='grc' dir='ltr'><strong><em>ε</em></strong></span> <span class='ocrx_word' id='word_1_357' title='bbox 845 3929 1039 3998; x_wconf 73' lang='lat' dir='ltr'>perspicuitatem</span> <span class='ocrx_word' id='word_1_358' title='bbox 1057 3931 1218 3984; x_wconf 78' lang='lat' dir='ltr'>aureviden-</span> <span class='ocrx_word' id='word_1_359' title='bbox 1314 3991 1316 4000; x_wconf 25' lang='lat' dir='ltr'>y</span> 
     </span>
    </p>
   </div>
   <div class='ocr_carea' id='block_1_8' title="bbox 195 3997 1276 4349">
    <p class='ocr_par' dir='ltr' id='par_1_8' title="bbox 195 3997 1276 4349">
     <span class='ocr_line' id='line_1_42' title="bbox 196 3997 1215 4067; baseline 0.004 -19"><span class='ocrx_word' id='word_1_360' title='bbox 196 4009 251 4048; x_wconf 88' lang='lat' dir='ltr'>tum</span> <span class='ocrx_word' id='word_1_361' title='bbox 259 3999 517 4050; x_wconf 70' lang='lat' dir='ltr'>reconditioribusrde</span> <span class='ocrx_word' id='word_1_362' title='bbox 526 3999 626 4067; x_wconf 77' lang='lat' dir='ltr'>simplici</span> <span class='ocrx_word' id='word_1_363' title='bbox 640 3999 682 4050; x_wconf 89' lang='lat' dir='ltr'>illo</span> <span class='ocrx_word' id='word_1_364' title='bbox 729 3998 791 4050; x_wconf 81' lang='lat' dir='ltr'>tiam</span> <span class='ocrx_word' id='word_1_365' title='bbox 802 3997 882 4064; x_wconf 84' lang='lat' dir='ltr'>nos,ſs</span> <span class='ocrx_word' id='word_1_366' title='bbox 888 3999 978 4065; x_wconf 80' lang='lat' dir='ltr'>placet,</span> <span class='ocrx_word' id='word_1_367' title='bbox 990 3999 1145 4052; x_wconf 74' lang='lat' dir='ltr'>nominemus.</span> <span class='ocrx_word' id='word_1_368' title='bbox 1180 4001 1215 4052; x_wconf 89' lang='lat' dir='ltr'>sl·</span> 
     </span>
     <span class='ocr_line' id='line_1_43' title="bbox 195 4065 1276 4138; baseline 0.007 -22"><span class='ocrx_word' id='word_1_369' title='bbox 195 4065 436 4134; x_wconf 71' lang='lat' dir='ltr'>crassoqueadfrieiu</span> <span class='ocrx_word' id='word_1_370' title='bbox 455 4081 479 4118; x_wconf 86' lang='lat' dir='ltr'>et</span> <span class='ocrx_word' id='word_1_371' title='bbox 497 4069 609 4120; x_wconf 75' lang='lat' dir='ltr'>contaiiu</span> <span class='ocrx_word' id='word_1_372' title='bbox 628 4086 681 4119; x_wconf 85' lang='lat' dir='ltr'>car·</span> <span class='ocrx_word' id='word_1_373' title='bbox 727 4065 983 4138; x_wconf 81' lang='lat' dir='ltr'>lustrationisnomine</span> <span class='ocrx_word' id='word_1_374' title='bbox 1000 4069 1071 4122; x_wconf 85' lang='lat' dir='ltr'>usum</span> <span class='ocrx_word' id='word_1_375' title='bbox 1084 4067 1166 4122; x_wconf 78' lang='lat' dir='ltr'>videar</span> <span class='ocrx_word' id='word_1_376' title='bbox 1183 4071 1215 4124; x_wconf 84' lang='lat' dir='ltr'>de</span> <span class='ocrx_word' id='word_1_377' title='bbox 1275 4103 1276 4107; x_wconf 63' lang='lat'><em>=</em></span> 
     </span>
     <span class='ocr_line' id='line_1_44' title="bbox 196 4135 1213 4207; baseline 0.008 -21"><span class='ocrx_word' id='word_1_378' title='bbox 196 4135 299 4196; x_wconf 89' lang='lat' dir='ltr'>bonum,</span> <span class='ocrx_word' id='word_1_379' title='bbox 319 4137 433 4198; x_wconf 81' lang='lat' dir='ltr'>rubricae,</span> <span class='ocrx_word' id='word_1_380' title='bbox 451 4153 479 4188; x_wconf 86' lang='lat' dir='ltr'>ac</span> <span class='ocrx_word' id='word_1_381' title='bbox 497 4139 680 4207; x_wconf 84' lang='lat' dir='ltr'>pigmentorum</span> <span class='ocrx_word' id='word_1_382' title='bbox 730 4139 765 4188; x_wconf 87' lang='grc' dir='ltr'>Ν.</span> <span class='ocrx_word' id='word_1_383' title='bbox 788 4137 822 4188; x_wconf 89' lang='lat' dir='ltr'>D.</span> <span class='ocrx_word' id='word_1_384' title='bbox 847 4155 870 4195; x_wconf 91' lang='lat' dir='ltr'>i,</span> <span class='ocrx_word' id='word_1_385' title='bbox 893 4154 935 4200; x_wconf 84' lang='lat'>31·</span> <span class='ocrx_word' id='word_1_386' title='bbox 954 4138 993 4190; x_wconf 82' lang='lat' dir='ltr'>sed</span> <span class='ocrx_word' id='word_1_387' title='bbox 1011 4138 1060 4192; x_wconf 84' lang='lat' dir='ltr'>alio</span> <span class='ocrx_word' id='word_1_388' title='bbox 1079 4137 1213 4194; x_wconf 70' lang='lat' dir='ltr'>intelleelu·</span> 
     </span>
     <span class='ocr_line' id='line_1_45' title="bbox 196 4206 1214 4276; baseline 0.003 -19"><span class='ocrx_word' id='word_1_389' title='bbox 196 4220 266 4274; x_wconf 81' lang='lat' dir='ltr'>agere</span> <span class='ocrx_word' id='word_1_390' title='bbox 277 4224 332 4256; x_wconf 84' lang='lat' dir='ltr'>eum</span> <span class='ocrx_word' id='word_1_391' title='bbox 344 4217 455 4276; x_wconf 85' lang='lat' dir='ltr'>apparet.</span> <span class='ocrx_word' id='word_1_392' title='bbox 729 4206 768 4257; x_wconf 87' lang='lat' dir='ltr'>De</span> <span class='ocrx_word' id='word_1_393' title='bbox 780 4216 835 4256; x_wconf 87' lang='lat' dir='ltr'>orta</span> <span class='ocrx_word' id='word_1_394' title='bbox 851 4222 880 4256; x_wconf 87' lang='lat' dir='ltr'>ex</span> <span class='ocrx_word' id='word_1_395' title='bbox 897 4209 1026 4270; x_wconf 68' lang='grc' dir='ltr'>φαντασίαις</span> <span class='ocrx_word' id='word_1_396' title='bbox 1033 4209 1125 4276; x_wconf 48' lang='lat' dir='ltr'>trimi,</span> <span class='ocrx_word' id='word_1_397' title='bbox 1138 4209 1214 4265; x_wconf 80' lang='lat' dir='ltr'>etiam</span> 
     </span>
     <span class='ocr_line' id='line_1_46' title="bbox 229 4274 1134 4349; baseline 0.008 -25"><span class='ocrx_word' id='word_1_398' title='bbox 229 4291 273 4342; x_wconf 82' lang='lat'>29.</span> <span class='ocrx_word' id='word_1_399' title='bbox 293 4278 364 4347; x_wconf 76' lang='lat' dir='ltr'>Qus</span> <span class='ocrx_word' id='word_1_400' title='bbox 375 4276 509 4349; x_wconf 60' lang='lat' dir='ltr'>canusiae]</span> <span class='ocrx_word' id='word_1_401' title='bbox 522 4275 586 4328; x_wconf 83' lang='lat' dir='ltr'>Vide</span> <span class='ocrx_word' id='word_1_402' title='bbox 600 4275 631 4328; x_wconf 90' lang='lat' dir='ltr'>dc</span> <span class='ocrx_word' id='word_1_403' title='bbox 642 4274 680 4328; x_wconf 79' lang='lat' dir='ltr'>his</span> <span class='ocrx_word' id='word_1_404' title='bbox 729 4275 907 4343; x_wconf 73' lang='lat' dir='ltr'>Longinic.</span> <span class='ocrx_word' id='word_1_405' title='bbox 1132 4309 1134 4316; x_wconf 33' lang='lat' dir='ltr'>i</span> 
     </span>
    </p>
   </div>
   <div class='ocr_carea' id='block_1_9' title="bbox 0 0 1474 4910">
    <p class='ocr_par' dir='ltr' id='par_1_9' title="bbox 0 0 1474 4910">
     <span class='ocr_line' id='line_1_47' title="bbox 0 0 1474 4910; baseline 0 6"><span class='ocrx_word' id='word_1_406' title='bbox 0 0 1474 4910; x_wconf 95' lang='lat' dir='ltr'> </span> 
     </span>
    </p>
   </div>
  </div>
 </body>
</html>
