3024 4912
428 311 1048 450 rusrrs.onnron.trs.1u1.
1076 343 1083 360 ‘
1201 373 1259 436 αι,
1290 353 1292 358 ·

227 543 325 612 quam
340 530 377 587 tu
415 518 487 588 ius:
514 543 591 586 cum
605 519 754 586 vitiosum
769 520 959 608 prooemium
980 521 1070 607 poffit
1090 521 1194 588 videri
1209 523 1257 590 oi·

228 607 380 673 canicosa
422 605 508 670 cles:
532 619 565 671 et
578 607 723 693 pellimus
738 620 832 670 certer
862 608 1042 686 ubernator,
1058 608 1258 694 quinarem,

175 694 216 762 62
229 693 307 758 dum
322 703 451 780 portum
467 691 640 778 egreditur,
656 690 806 839 impeffit.
881 692 1081 756 odusautem
1097 693 1258 781 principii,

227 801 286 865 pro
313 777 425 842 cauffo.
442 851 451 856 ..
468 779 559 846 Nam·
586 777 714 842 brevius
752 776 907 862 rmplioes,
934 777 1064 864 longius
1087 779 1257 864 perploxae‚
1292 801 1298 807 ’

131 873 134 884 “
227 863 440 950 suspedlaeque
453 875 456 882 '
469 875 503 926 et
530 861 665 928 infames
691 861 874 926 desiderant.
920 861 1059 928 Ridendi
1088 885 1174 942 vero,
1202 867 1259 950 qui

228 949 318 1014 velut
338 948 609 1046 legesprooemiis
624 946 772 1011 omnibus
788 946 955 1026 dederont,
970 960 1008 1012 ut
1021 948 1107 1012 intra
1120 963 1260 1036 quatuor
1339 1012 1342 1027 ,
1394 1029 1398 1040 ⁸

181 1047 188 1059 '
228 1035 332 1100 sensus
348 1045 604 1098 terminarentur.
647 1033 721 1098 Nec
735 1031 842 1096 minus
856 1032 1003 1098 evitanda
1022 1033 1066 1096 est
1084 1033 1261 1102 immodiso

229 1117 299 1205 ejus
321 1117 505 1206 longitudO,
526 1141 568 1182 ne
590 1119 623 1184 in
648 1129 746 1204 eaput
766 1117 933 1184 excrevisse
952 1117 1108 1197 videatur,
1129 1133 1173 1198 et,
1193 1143 1259 1218 quo
1314 1128 1318 1132 ’

176 1207 215 1291 63
230 1226 403 1292 praeparare
428 1203 536 1284 debet,
561 1201 688 1308 fatiget.
733 1204 920 1270 Sermonem
944 1225 967 1266 a
990 1203 1120 1288 persona
1138 1203 1260 1290 judrois

230 1279 384 1367 aversum,
401 1296 475 1374 quae
497 1288 641 1372 ἀποςροφη
663 1286 790 1366 dicitur,
807 1286 939 1386 quidam
961 1287 993 1352 in
1016 1299 1122 1354 totum
1144 1313 1164 1356 a
1183 1313 1258 1376 pro-

229 1375 328 1440 oemio
352 1371 563 1448 submovent3
597 1372 751 1436 nonnulla
772 1373 903 1458 qurdem
928 1371 1066 1436 inhano
1089 1376 1260 1458 perluafio·
1332 1441 1337 1449 ,

230 1483 305 1527 nem
327 1460 450 1524 ratione
469 1456 569 1520 dumi.
614 1458 700 1522 Nam
722 1458 844 1544 prorsus
858 1459 918 1521 elle
938 1457 1001 1522 hoo
1021 1459 1131 1544 magis*
1147 1461 1260 1526 secun-
1327 1463 1330 1468 ’

231 1545 310 1611 dum
325 1558 470 1608 naturam
492 1541 709 1612 confitendum
725 1544 778 1622 est,
793 1557 833 1612 ut
845 1565 900 1606 eos
920 1542 1120 1630 alloquamur
1142 1546 1260 1632 potitii.
1351 1609 1359 1618 ,

174 1632 220 1713 64
231 1652 335 1707 mum,
350 1651 432 1715 quos
446 1627 614 1691 conciliare
627 1629 720 1692 nobis
737 1628 906 1693 studemus.
953 1629 1084 1694 Interim
1106 1643 1212 1696 tamon
1228 1645 1263 1704 et

232 1715 277 1778 est
297 1713 351 1780 hic
381 1712 548 1799 [prooemio
561 1711 584 1796 Ἷ
611 1712 798 1778 neceffarius
810 1713 918 1778 sensus
929 1713 1055 1800 aliquis,
1071 1728 1104 1777 et
1118 1716 1146 1778 is
1158 1717 1263 1786 ‘acrior

231 1799 270 1864 fit
282 1812 377 1898 atque
393 1797 612 1866 vehementior
626 1797 671 1864 ad¹
680 1799 842 1885 personam
859 1798 1147 1864 direttusaltertus.
1165 1802 1264 1871 Quod

232 1884 405 1964 sraccrdat‚
420 1907 485 1971 quo
510 1883 591 1963 ure,
608 1897 664 1949 aut
685 1907 749 1970 qua
767 1897 856 1948 tanta
872 1883 1086 1968 superstitione
1109 1886 1259 1970 prohibe,

178 1969 219 2054 65
233 1979 305 2034 mur
329 1970 404 2034 dare
426 1991 482 2056 per
504 1907 525 2033 lr

231 2055 315 2120 istud
329 2055 495 2142 scriptores
510 2055 651 2134 Artium,
668 2055 823 2142 quianon
838 2055 945 2134 liceat,
961 2053 1103 2142 sedquia
1123 2078 1186 2120 non
1201 2079 1262 2143 pue

528 1990 587 2032 ane
610 1970 745 2058 figuram
767 1969 930 2034 sententiae
946 1968 1067 2038 uires?
1086 1971 1160 2036 Nec
1174 1973 1263 2046 enim
1357 1989 1370 2001 ’“

232 2153 306 2206 tent
320 2141 412 2218 utile,
426 2152 547 2204 vetant.
593 2141 641 2204 lta
656 2141 677 2204 sr
690 2141 798 2204 vincet
818 2139 950 2219 utilitas,
966 2154 1094 2226 proptor
1116 2143 1264 2211 eamdem
1366 2153 1376 2168 “

178 2227 221 2291 66
233 2227 369 2290 eauffam
392 2226 495 2290 faeere
518 2225 719 2302 debebimus,
745 2239 872 2312 propter
898 2247 994 2311 quam
1020 2240 1175 2294 vetantur.
1198 2231 1265 2304 'Et

233 2311 466 2376 Demosthenes
489 2311 530 2374 ad
555 2311 740 2396 AEschinem
761 2311 937 2376 orationem
960 2311 993 2374 in
1012 2312 1169 2396 prooemio
1183 2335 1264 2384 oon-

153 2445 159 2455 .
234 2397 343 2476 vertit,
368 2409 400 2459 et
425 2397 557 2460 Marcus
577 2395 807 2477 Tullius,·cum
829 2395 977 2482 proeliis
999 2397 1208 2482 qmbusdam,-
1223 2399 1265 2470 ad

175 2481 221 2564 '67
236 2502 317 2568 quos
340 2481 372 2547 ei
383 2480 485 2546 visum
500 2481 555 2559 est,
570 2491 640 2544 tum
663 2503 722 2566 pro
743 2480 874 2568 Ligario
886 2479 927 2542 ad
940 2483 1166 2550 Tuberonem:
1190 2505 1265 2554 nam

236 2578 304 2630 erat
317 2565 421 2631 multo
436 2563 543 2636 futura
556 2564 750 2652 languidior,
768 2566 790 2630 fi
803 2565 877 2630 aflet
891 2565 983 2630 aliter
997 2567 1152 2652 figurata:
1176 2569 1265 2655 quod

235 2649 364 2722 facilius
377 2649 558 2736 cognoscet,
575 2651 594 2714 sr
610 2650 681 2798 Pois
697 2649 784 2716 illam
801 2663 901 2714 totam
916 2663 1036 2736 partem
1052 2652 1264 2719 vehementis·

235 2735 346 2798 simam
358 2747 384 2815 ἔ,
401 2733 492 2820 cujus
515 2735 587 2800 haec
624 2757 713 2800 orma
734 2736 788 2820 ost,¹
807 2735 908 2800 Habes
930 2736 1026 2822 igitur
1047 2738 1170 2817 Tubero,
1186 2741 1268 2826 qaod

236 2818 448 2906 estaccusatorz'
462 2821 587 2888 maxime
603 2821 773 2907 optandum,
790 2832 824 2884 et
837 2834 953 2898 cetero,
970 2834 1134 2887 convertat
1147 2825 1187 2888 ad
1206 2825 1263 2910 ju

236 2904 364 2969 dicem:
388 2917 458 2969 tum
475 2905 584 2968 enimh
605 2927 678 2968 vere
696 2904 818 2969 aversa¹
841 2898 983 2969 videatur
1005 2906 1117 2986 oratio,
1142 2921 1175 2972 et
1194 2909 1264 2973 lan.

235 2990 367 3078 guescat
387 2989 434 3056 vis
455 2990 572 3069 omnis,
589 2989 772 3056 dicentibus
787 2989 891 3070 nobis,
907 2990 1010 3054 Habet
1024 2991 1119 3080 igitur
1139 2994 1265 3075 Tubero,

182 3077 223 3143 68
237 3077 318 3164 quod
343 3075 382 3162 est
408 3077 570 3162 accusatori
596 3075 723 3140 maxime
748 3075 918 3162 optandum.
964 3075 1026 3140 Illo
1054 3077 1148 3142 enim,
1167 3080 1265 3146 modo

85 3225 90 3232 ,
152 3242 154 3247 Ι
235 3161 342 3261 preffit
361 3173 459 3249 atque
473 3159 605 3240 institit3
629 3161 691 3224 hoc
705 3173 831 3224 tantum
845 3159 1018 3225 indioallet.
1063 3164 1162 3231 Quod
1177 3165 1265 3230 idem

235 3269 271 3328 ru
293 3246 519 3327 Demosthene,
534 3245 555 3310 fi
571 3247 689 3312 flexum
703 3246 751 3311 illi
772 3245 1105 3325 mutareriaacoidet.
1149 3251 1263 3317 Quid?

196 3442 198 3450 ’
256 3445 280 3478 ‘5
295 3449 413 3510 prooemio
423 3447 513 3514 glffrm
519 3459 574 3511 pulo
581 3449 713 3512 pronominis
723 3411 778 3496 hiet
799 3447 987 3508 erabestalibris
999 3450 1174 3516 quibusdamap.
1186 3455 1266 3508 Bura.

237 3511 331 3576 ‘leget
341 3513 382 3579 ins.
394 3514 425 3561 G.
437 3513 501 3560 male.
565 3511 635 3562 horn.
646 3513 676 3562 G.
741 3511 900 3562 lanverseG.

203 3669 220 3741 ‘¹
273 3679 318 3742 64.
335 3665 427 3747 sensus,¹
444 3673 544 3746 aliqdr's]
573 3677 671 3747 Sensum
691 3677 728 3734 iu,-
777 3676 874 3746 Nempe
882 3678 1266 3748 generatimseafirsvocaremn-

237 3744 432 3816 ¹telligoflmotum
444 3746 566 3815 quendam
584 3748 728 3808 acutiorem,
776 3755 801 3798 re
820 3753 941 3815 concepta,
961 3747 1131 3818 Qrintliliano
1150 3751 1267 3818 prodente

239 3816 309 3884 quie
343 3817 448 3867 rimatur
459 3815 569 3868 vividius
579 3817 689 3868 oratione
697 3816 727 3868 ad
766 3819 926 3869 'omlnetudo
937 3827 1056 3868 tenuerat.
1075 3818 1136 3870 Vid.
1152 3823 1176 3879 8,
1192 3837 1216 3886 5,
1230 3838 1256 3872 2.

237 3881 403 3952 advesarinm
422 3885 525 3938 diretta.
551 3887 649 3958 Sensum
669 3887 729 3954 poni
813 3890 858 3948 67.
876 3901 940 3938 vere
950 3887 1059 3956 aversa]
1085 3888 1164 3938 Ludit
1182 3889 1207 3940 in
1221 3901 1267 3942 vo·

239 3971 286 4022 pro
303 3955 421 4008 sententia
443 3954 602 4024 aliquantum
624 3954 730 4010 exstante
778 3970 815 4008 ce.
842 3955 944 4008 Sublata
961 3955 1102 4026 apostrophe
1119 3958 1219 4009 demum
1236 3975 1269 4008 a·

239 4034 317 4092 atque
333 4026 464 4086 eminente,
477 4025 640 4095 intelligimus
656 4043 686 4076 ex
704 4029 730 4086 8,
778 4027 867 4095 versa,
877 4041 926 4076 non
937 4026 1043 4091 ajudice
1054 4027 1085 4076 ad
1094 4027 1268 4090 adversarium,

243 4109 271 4158 ς,
297 4110 340 4156 ¹4·
370 4095 413 4144 ubi
438 4094 540 4146 minutos
567 4095 731 4164 corruptasque
779 4104 809 4146 ut
821 4117 847 4164 9,
859 4115 885 4156 α,
900 4099 942 4158 38.
961 4095 999 4146 sed
1012 4097 1043 4146 ab
1061 4096 1164 4159 ratione,
1176 4109 1269 4152 etmu-

233 4160 358 4230 firylculrs
370 4163 444 4214 ridet.
472 4165 559 4234 Senfirr
575 4176 657 4216 autem
669 4163 731 4232 sub-
778 4163 819 4226 sis.
831 4175 856 4220 et
867 4166 991 4232 verm-erit
1003 4166 1093 4220 oratio.

171 4259 175 4264 ,
239 4228 308 4314 limas
319 4231 549 4305 variosquelaudnt
566 4253 609 4298 re,
630 4252 671 4298 re,
687 4236 729 4300 ³⁶·
