3000 4908
254 417 319 500 346
503 417 549 480 M.
571 415 695 478 raon
718 411 1054 477 ourmerlnlanr

278 603 350 648 uam
367 591 472 646 temen
493 579 591 646 debet
609 581 670 644 eise
690 579 789 668 longe
809 579 987 646 miseratio:
1011 599 1072 642 nec
1092 575 1158 642 fine
1176 577 1277 642 caussa

251 607 377 732 diritunr
391 667 445 744 est,
462 665 552 728 Nihil
553 665 694 750 facilius,
711 689 798 754 quam
811 665 960 742 lacrimas,
976 664 1142 762 inarescere.
1177 664 1275 742 Naar,
1290 662 1333 730 28

253 773 329 816 eum
345 751 441 815 etiem
456 771 545 813 verus
559 750 685 814 dolores
699 751 828 838 mitiget
846 747 1094 835 tempus,eit1ue
1115 745 1277 812 evanescat
1315 825 1318 832 Ι

254 835 373 900 necesse
388 836 430 900 est
445 834 509 910 iila,
524 857 625 922 quem
637 835 773 899 dicendo
787 834 1000 912 effinximuess,
1016 833 1140 920 imago:
1163 834 1196 896 in
1213 853 1277 919 qua
1310 843 1316 852 '
1414 849 1416 852 ·

202 973 208 982 .
253 920 275 984 fi
296 925 470 996 moremur,
486 919 623 984 lacrimis
644 919 822 1008 fatigatur⁰
842 918 980 994 auditor,
996 929 1030 982 et
1049 917 1227 1002 requiescit,
1243 929 1277 981 et

255 1005 296 1069 eb
319 1001 387 1082 illo,
403 1025 499 1089 quem
523 1017 659 1089 ceperat,
678 1005 801 1090 impetu
822 1005 863 1068 ad
885 1003 1040 1068 rationem
1060 1003 1153 1066 redit.
1198 1003 1274 1067 Non
1289 1018 1332 1086 29

253 1089 413 1237 quatiamur
425 1088 525 1174 igitur
538 1088 705 1175 frigescere
718 1090 781 1153 hoo
796 1111 899 1176 opne,:
925 1102 959 1152 et
971 1087 1131 1165 affedium,
1148 1107 1222 1151 cum
1235 1085 1277 1150 ad

267 1195 412 1239 ummum
425 1186 439 1224 Ρ
453 1174 704 1260 perduxerimus,
719 1174 957 1261 relinquamus:
980 1193 1039 1235 nec
1053 1173 1210 1258 speremus
1226 1169 1275 1234 fo-

250 1280 301 1336 re,
327 1272 365 1324 ut
391 1257 493 1322 aliena
518 1258 709 1358 quisquam*
733 1259 791 1324 diu
814 1258 930 1345 ploret.
976 1255 1115 1342 Ideoque
1142 1277 1215 1320 cum
1236 1257 1276 1319 ‘in

253 1343 335 1424 eliis,
361 1355 432 1408 turn
454 1365 593 1408 maxime
618 1344 651 1407 in
675 1343 736 1408 hoc
758 1358 845 1430 purte
868 1342 965 1407 debet
986 1339 1123 1406 crescere
1149 1341 1274 1404 oratioe
1310 1355 1313 1364 ’

299 1427 339 1507 ia,
354 1427 432 1514 quid
456 1427 512 1492 uid
527 1449 591 1492 non
611 1427 719 1515 adjicit
761 1429 909 1506 rioribus,
924 1426 1021 1492 etiem
1041 1425 1206 1490 detrahere
1226 1425 1275 1489 vi·

296 1523 366 1577 tur:
390 1525 423 1576 et
434 1451 528 1576 incide
543 1512 651 1578 deficit
665 1514 711 1577 eff
782 1536 807 1593 s,
823 1513 879 1599 qui
894 1509 1066 1576 deseendit.
1100 1511 1177 1594 (iii)
1197 1513 1273 1574 Non
1286 1526 1335 1592 30

253 1597 356 1664 folum
370 1608 479 1661 eutem
494 1596 642 1675 dicendo,
656 1598 709 1662 sed
723 1597 819 1662 etiam
840 1596 986 1662 faciendo
1006 1593 1167 1681 quedam,
1182 1594 1275 1658 iaori-
1327 1631 1330 1636 ,
1360 1610 1367 1624 ·

253 1703 529 1748 mnemovemua:
554 1683 641 1748 unde
661 1695 695 1748 et
714 1682 887 1768 producere
906 1681 1000 1767 ipsos,
1015 1679 1072 1765 qui
1092 1678 1275 1766 pericliten-

253 1778 319 1846 tur,
334 1767 492 1852 squalidos
506 1779 603 1852 atque
617 1767 785 1846 deformes,
800 1781 833 1831 et
847 1767 966 1832 liberos
979 1784 1088 1829 eorum
1104 1785 1142 1828 ae
1161 1786 1275 1851 paren·

250 1863 315 1933 tes,
329 1852 520 1930 institutum,
535 1865 569 1914 et
583 1853 623 1916 ab
636 1851 868 1917 accusatoribus
881 1850 1000 1916 ostendi
1014 1863 1183 1915 cruentum
1203 1848 1275 1935 gla-

253 1936 355 2016 dium,
371 1949 405 1999 et
418 1936 554 2000 iefiee'
574 1937 756 2001 vulneribus
770 1937 844 2015 osia,
858 1949 892 2000 et
911 1937 1007 2004 vester
1029 1933 1181 2022 sanguine
1201 1955 1276 2020 per·
1307 1951 1312 1960 ·

253 2021 336 2091 fidas
358 2017 515 2099 videmus,
541 2033 575 2085 et
599 2022 730 2086 vulnera
752 2021 874 2101 resolvi,
900 2041 938 2086 ae
963 2020 1124 2084 verberata
1144 2039 1276 2104 corpore

252 2106 379 2172 nudari.
422 2107 568 2170 Quarum
590 2127 694 2170 rerum
716 2107 831 2194 ingens
851 2105 1037 2192 pierumque
1058 2104 1105 2167 vis
1118 2103 1172 2182 eii,
1187 2102 1275 2168 velut
1284 2119 1327 2186 31

254 2191 288 2256 in
303 2211 370 2254 rem
387 2191 570 2276 praesentem
584 2191 706 2254 animos
722 2189 889 2254 hominum
904 2187 1090 2254 ducentium
1101 2202 1122 2252 ⁵.
1158 2190 1202 2252 Et

251 2275 366 2362 pulum
380 2277 558 2338 Romanum
574 2274 645 2360 egit
658 2275 691 2338 iu
714 2273 852 2338 furorem
873 2285 1027 2360 praetexte
1051 2272 1123 2340 can
1143 2273 1172 2336 C
1248 2273 1276 2338 ie

249 2359 373 2446 prolata
387 2359 420 2422 in
434 2358 504 2422 foro
519 2373 660 2424 omenta.
704 2360 869 2424 Sciebatur
882 2357 1084 2424 intersedium
1098 2379 1184 2436 eum,
1201 2379 1274 2422 cor-

251 2441 1151 2618 aii,iiiiiismirafii‘dimdngais
1167 2454 1274 2590 anzi

251 2613 307 2694 ris,
322 2627 439 2678 utnon
452 2613 572 2678 occisus
586 2613 646 2678 effe
661 2613 774 2693 Caesar,
789 2613 841 2678 sed
862 2625 931 2677 turn
945 2612 1084 2676 maxime
1097 2609 1202 2675 oeeidi
1218 2610 1271 2676 'vi-

251 2698 390 2766 deretur.
435 2698 497 2762 Sed
512 2719 576 2760 non
591 2697 663 2762 ideo
698 2698 884 2776 mbeverim,
899 2697 1008 2784 quodu
1028 2695 1146 2760 sedtum
1168 2707 1202 2759 et
1222 2695 1270 2760 le·
1284 2709 1332 2780 32

250 2805 306 2871 go,
322 2798 356 2848 et
369 2783 433 2871 ipse
446 2782 617 2870 aliquando
638 2720 714 2863 vidi,
730 2782 886 2870 depifiem
910 2780 1052 2847 tabulam
1076 2781 1192 2868 supra’t
1213 2781 1285 2845 J0-·
1382 2832 1384 2842 .
1486 2829 1487 2840 ,

285 3007 297 3030 ¹·
316 3000 494 3062 effingimusG.
566 3003 579 3029 ⁶
595 3001 709 3060 frangitur
719 3009 743 3047 et
754 3015 820 3062 requ.
830 3001 861 3048 G.
935 2999 1084 3050 rsummam
1096 2999 1126 3046 G.
1198 2999 1274 3048 ‘rafi-

253 3067 307 3126 quis
318 3079 390 3140 qnam
398 3067 442 3138 'diu
452 3065 515 3140 Jeqs.
601 3067 661 3138 'lesi
671 3065 733 3140 iens.
745 3065 810 3111 male.
826 3081 840 3112 e
850 3065 972 3140 funeribus
983 3065 1036 3126 coqj.
1048 3067 1126 3111 Burm.
1144 3079 1200 3138 ques
1209 3080 1273 3110 vocer

246 3130 311 3239 {aii
319 3131 402 3241 7116ssqu
413 3128 584 3253 iiiiii’iovmi
598 3128 734 3254 iiiicaegriiiddi
743 3130 817 3242 qungu
829 3138 893 3240 Alm.t
902 3139 938 3257 aii.
947 3129 1098 3252 qsmflqum
1106 3134 1192 3236 uidiiiia
1197 3128 1273 3254 gaz.

251 3274 323 3322 marg.
337 3257 422 3322 qupd.
435 3257 463 3304 V.
475 3257 507 3304 N.
519 3257 586 3318 supra
595 3257 690 3315 iovem,
702 3259 762 3304 inira
772 3258 903 3320 imaginem
914 3257 946 3304 rei
956 3257 1010 3318 conj.
1024 3255 1171 3302 Heumaaaus.
1273 3317 1276 3324 Ι

290 3452 332 3499 30.
349 3432 413 3486 dreia
423 3423 610 3498 eruineribus]
622 3435 662 3484 Ex
680 3431 735 3484 vul-
785 3431 917 3504 agnoscunt
929 3432 975 3484 viri
986 3432 1065 3485 dedii.
1088 3431 1197 3500 Reliqua
1211 3449 1272 3484 eoo·

252 3505 352 3557 neribus
370 3502 526 3572 quibusdam,
538 3502 625 3570 capitis
644 3504 669 3552 in
686 3504 735 3570 pri·
781 3503 882 3568 jefiuria
894 3513 1012 3571 aguntur.
1024 3501 1179 3554 Werlhofiue
1190 3519 1271 3564 meus,

253 3577 312 3636 mis,
323 3573 378 3642 offa,
391 3572 409 3623 i.
421 3589 443 3622 e.
463 3570 597 3640 particulas
610 3570 683 3622 osseas
702 3569 735 3622 le·
785 3569 973 3640 Apollineamm
991 3572 1083 3657 arrium
1101 3571 1210 3622 omniurn
1226 3571 1270 3622 de-

237 3683 240 3688 -
272 3647 288 3706 i,
301 3643 410 3710 chirurgi
428 3652 526 3692 norunt.
556 3640 601 3690 Sed
621 3639 737 3708 probabi·
785 3657 841 3702 cus,
853 3653 876 3692 et
887 3645 967 3704 μάντις
980 3641 1043 3691 idem
1055 3659 1132 3703 apinae,
1136 3638 1217 3708 supra
1227 3656 1268 3690 ae-

251 3662 299 3766 fior
309 3713 357 3764 viri
368 3711 455 3762 summi
467 3708 603 3774 conjefiura
617 3709 648 3760 de
659 3708 738 3772 offibus
776 3718 860 3761 *rorem
881 3708 981 3772 conjicit
1002 3707 1088 3760 dedisse
1116 3709 1233 3769 Fabium,
1255 3723 1272 3760 e

251 3800 265 3834 e
274 3779 416 3849 funeribus,
433 3779 500 3848 quod
516 3779 542 3829 in
559 3777 627 3828 scena
646 3778 738 3838 Graeca
786 3795 837 3846 quo
867 3781 1046 3850 suprafiorem,
1077 3776 1163 3828 deinde
1188 3775 1273 3846 firprae

163 3862 165 3866 '
252 3865 278 3903 et
295 3853 409 3902 Romana
426 3847 549 3915 frequens,
563 3846 628 3914 (vid.
646 3846 690 3898 illa
707 3847 738 3898 de
786 3848 973 3911 Juvemortum
984 3845 1021 3899 sit.
1048 3842 1130 3898 Adfor
1147 3845 1176 3897 de
1195 3843 1273 3912 is¹¹i⁸

253 3920 316 3972 Polo
332 3917 429 3970 historia
440 3917 507 3986 apud
525 3914 638 3966 Gellium
657 3933 683 3978 7,
697 3917 737 3983 ς.)
785 3916 903 3968 sententia
922 3915 1031 3986 suspendi
1047 3913 1086 3967 uel¹
1103 3914 1179 3966 teneri
1198 3863 1271 3982 dmm

253 3989 320 4056 quod
332 3989 364 4038 ab
375 3986 519 4054 Agrippina
531 3984 675 4036 Gennaniei
686 3983 738 4036 sac·
787 3998 862 4055 capnt
873 3987 942 4038 suum
960 3984 1026 4050 jnffit
1047 3983 1168 4044 tabulam,
1179 3982 1206 4033 in
1220 3999 1271 4050 qua

252 4070 308 4110 tum
328 4058 395 4108 Tac.
418 4055 472 4105 An.
495 4073 521 4115 a,
543 4071 587 4120 75,
607 4054 634 4104 in
655 4051 738 4106 forum
786 4053 882 4124 depiiia
901 4053 955 4105 effer
972 4055 1055 4124 imago
1072 4052 1157 4114 caedis,
1174 4061 1205 4102 ut
1223 4050 1271 4106 hoe

173 4185 177 4190 ⁸
252 4125 391 4178 transhdere
402 4124 510 4192 patroni.
786 4135 851 4184 utar,
863 4122 902 4174 vei
918 4122 1018 4173 alteriue
1035 4121 1080 4182 rei,
1092 4122 1162 4188 cujus
1180 4119 1271 4170 atroci·

292 4213 334 4258 32.
352 4191 461 4245 rabulam
473 4195 553 4262 supra
564 4190 671 4256 Jovem]
691 4191 738 4256 Jo-
786 4193 914 4244 tatem-ob
933 4191 1018 4242 oculos
1036 4205 1124 4260 ponere
1142 4187 1272 4255 judicibus

166 4313 168 4320 .
253 4265 297 4340 vis
316 4266 358 4319 hic
376 4259 456 4316 nullae
474 4275 556 4333 partes
569 4260 612 4315 effe
623 4261 737 4318 certatim
786 4261 870 4316 vellen
886 4263 979 4314 Fertur
991 4260 1049 4314 huic
1061 4258 1205 4329 conjefiurae
1215 4273 1274 4308 om-
1287 4295 1311 4316 -.
