<?xml version="1.0" encoding="UTF-8"?>
<!DOCTYPE html PUBLIC "-//W3C//DTD XHTML 1.0 Transitional//EN"
    "http://www.w3.org/TR/xhtml1/DTD/xhtml1-transitional.dtd">
<html xmlns="http://www.w3.org/1999/xhtml" xml:lang="en" lang="en">
 <head>
  <title>
</title>
<meta http-equiv="Content-Type" content="text/html;charset=utf-8" />
  <meta name='ocr-system' content='tesseract 3.04.00' />
  <meta name='ocr-capabilities' content='ocr_page ocr_carea ocr_par ocr_line ocrx_word'/>
</head>
<body>
  <div class='ocr_page' id='page_1' title='image "./mfabiiquinctili00quingoog_0240.png"; bbox 0 0 3024 4912; ppageno 0'>
   <div class='ocr_carea' id='block_1_1' title="bbox 226 324 1025 442">
    <p class='ocr_par' dir='ltr' id='par_1_1' title="bbox 226 324 1025 442">
     <span class='ocr_line' id='line_1_1' title="bbox 226 324 1025 442; baseline -0.005 0"><span class='ocrx_word' id='word_1_1' title='bbox 226 377 293 442; x_wconf 80' lang='lat' dir='ltr'>ne</span> <span class='ocrx_word' id='word_1_2' title='bbox 469 324 1025 442; x_wconf 70' lang='lat' dir='ltr'>urnmraumcrrnlnr</span> 
     </span>
    </p>
   </div>
   <div class='ocr_carea' id='block_1_2' title="bbox 126 541 1343 2942">
    <p class='ocr_par' dir='ltr' id='par_1_2' title="bbox 163 541 1314 2092">
     <span class='ocr_line' id='line_1_2' title="bbox 227 541 1261 632; baseline 0.008 -22"><span class='ocrx_word' id='word_1_3' title='bbox 227 543 279 610; x_wconf 80' lang='lat' dir='ltr'>rel</span> <span class='ocrx_word' id='word_1_4' title='bbox 301 541 446 632; x_wconf 82' lang='lat' dir='ltr'>auguriis</span> <span class='ocrx_word' id='word_1_5' title='bbox 466 541 606 608; x_wconf 83' lang='lat' dir='ltr'>futuram</span> <span class='ocrx_word' id='word_1_6' title='bbox 629 543 804 610; x_wconf 76' lang='lat' dir='ltr'><strong>claritatem</strong></span> <span class='ocrx_word' id='word_1_7' title='bbox 819 544 1063 632; x_wconf 71' lang='lat' dir='ltr'>promiserint³=</span> <span class='ocrx_word' id='word_1_8' title='bbox 1086 557 1148 614; x_wconf 76' lang='lat' dir='ltr'>ut&#39;</span> <span class='ocrx_word' id='word_1_9' title='bbox 1172 563 1261 631; x_wconf 86' lang='lat' dir='ltr'>eum,</span> 
     </span>
     <span class='ocr_line' id='line_1_3' title="bbox 226 627 1259 720; baseline 0.006 -25"><span class='ocrx_word' id='word_1_10' title='bbox 226 630 284 720; x_wconf 86' lang='lat' dir='ltr'>qui</span> <span class='ocrx_word' id='word_1_11' title='bbox 308 652 347 694; x_wconf 89' lang='lat' dir='ltr'>ex</span> <span class='ocrx_word' id='word_1_12' title='bbox 370 627 510 694; x_wconf 81' lang='lat' dir='ltr'>Thetide</span> <span class='ocrx_word' id='word_1_13' title='bbox 531 641 625 692; x_wconf 83' lang='lat' dir='ltr'>natus</span> <span class='ocrx_word' id='word_1_14' title='bbox 647 630 734 710; x_wconf 76' lang='lat' dir='ltr'>esset,</span> <span class='ocrx_word' id='word_1_15' title='bbox 757 630 910 717; x_wconf 87' lang='lat' dir='ltr'>majorem</span> <span class='ocrx_word' id='word_1_16' title='bbox 933 649 1021 720; x_wconf 82' lang='lat' dir='ltr'>patre</span> <span class='ocrx_word' id='word_1_17' title='bbox 1043 634 1099 698; x_wconf 85' lang='lat' dir='ltr'>luo</span> <span class='ocrx_word' id='word_1_18' title='bbox 1112 633 1259 702; x_wconf 84' lang='lat' dir='ltr'>futurum</span> 
     </span>
     <span class='ocr_line' id='line_1_4' title="bbox 228 713 1314 802; baseline 0.008 -21"><span class='ocrx_word' id='word_1_19' title='bbox 228 714 372 783; x_wconf 78' lang='lat' dir='ltr'>cecinisse</span> <span class='ocrx_word' id='word_1_20' title='bbox 393 713 546 780; x_wconf 84' lang='lat' dir='ltr'>dicuntur</span> <span class='ocrx_word' id='word_1_21' title='bbox 561 715 698 780; x_wconf 87' lang='lat' dir='ltr'>oracula.</span> <span class='ocrx_word' id='word_1_22' title='bbox 745 718 759 778; x_wconf 91' lang='lat'><em>1</em></span> <span class='ocrx_word' id='word_1_23' title='bbox 784 717 843 779; x_wconf 80' lang='lat' dir='ltr'>frus</span> <span class='ocrx_word' id='word_1_24' title='bbox 866 739 942 782; x_wconf 85' lang='lat' dir='ltr'>vem</span> <span class='ocrx_word' id='word_1_25' title='bbox 963 719 1034 785; x_wconf 87' lang='lat' dir='ltr'>laus</span> <span class='ocrx_word' id='word_1_26' title='bbox 1054 719 1206 802; x_wconf 85' lang='lat' dir='ltr'>hominia,</span> <span class='ocrx_word' id='word_1_27' title='bbox 1219 735 1259 788; x_wconf 74' lang='lat' dir='ltr'>ex</span> <span class='ocrx_word' id='word_1_28' title='bbox 1274 737 1314 790; x_wconf 73' lang='lat'>12</span> 
     </span>
     <span class='ocr_line' id='line_1_5' title="bbox 226 801 1259 902; baseline 0.006 -36"><span class='ocrx_word' id='word_1_29' title='bbox 226 802 349 880; x_wconf 83' lang='lat' dir='ltr'>animo,</span> <span class='ocrx_word' id='word_1_30' title='bbox 364 811 397 866; x_wconf 86' lang='lat' dir='ltr'>et</span> <span class='ocrx_word' id='word_1_31' title='bbox 412 809 589 900; x_wconf 85' lang='lat' dir='ltr'>corporeet</span> <span class='ocrx_word' id='word_1_32' title='bbox 603 811 692 864; x_wconf 81' lang='lat' dir='ltr'>extra</span> <span class='ocrx_word' id='word_1_33' title='bbox 705 801 811 888; x_wconf 89' lang='lat' dir='ltr'>portis</span> <span class='ocrx_word' id='word_1_34' title='bbox 826 803 892 902; x_wconf 85' lang='lat' dir='ltr'>peti</span> <span class='ocrx_word' id='word_1_35' title='bbox 908 803 1017 869; x_wconf 90' lang='lat' dir='ltr'>debet.</span> <span class='ocrx_word' id='word_1_36' title='bbox 1041 807 1084 869; x_wconf 84' lang='lat' dir='ltr'>Et</span> <span class='ocrx_word' id='word_1_37' title='bbox 1096 808 1259 894; x_wconf 69' lang='lat' dir='ltr'>corporisx</span> 
     </span>
     <span class='ocr_line' id='line_1_6' title="bbox 226 885 1261 976; baseline 0.008 -24"><span class='ocrx_word' id='word_1_38' title='bbox 226 887 358 976; x_wconf 93' lang='lat' dir='ltr'>quidem</span> <span class='ocrx_word' id='word_1_39' title='bbox 384 885 654 972; x_wconf 72' lang='lat' dir='ltr'>fortuitorumque</span> <span class='ocrx_word' id='word_1_40' title='bbox 676 909 751 950; x_wconf 90' lang='lat' dir='ltr'>cum</span> <span class='ocrx_word' id='word_1_41' title='bbox 777 887 887 968; x_wconf 83' lang='lat' dir='ltr'>levror,</span> <span class='ocrx_word' id='word_1_42' title='bbox 903 898 974 954; x_wconf 86' lang='lat' dir='ltr'>tum</span> <span class='ocrx_word' id='word_1_43' title='bbox 991 911 1056 955; x_wconf 90' lang='lat' dir='ltr'>non</span> <span class='ocrx_word' id='word_1_44' title='bbox 1076 907 1141 956; x_wconf 86' lang='lat' dir='ltr'>uno</span> <span class='ocrx_word' id='word_1_45' title='bbox 1160 893 1261 960; x_wconf 86' lang='lat' dir='ltr'>modo</span> 
     </span>
     <span class='ocr_line' id='line_1_7' title="bbox 226 971 1260 1066; baseline 0.003 -26"><span class='ocrx_word' id='word_1_46' title='bbox 226 971 390 1040; x_wconf 64' lang='lat' dir='ltr'>narranda</span> <span class='ocrx_word' id='word_1_47' title='bbox 411 971 466 1036; x_wconf 83' lang='lat' dir='ltr'>eli.</span> <span class='ocrx_word' id='word_1_48' title='bbox 510 972 595 1036; x_wconf 88' lang='lat' dir='ltr'>Nam</span> <span class='ocrx_word' id='word_1_49' title='bbox 617 983 651 1034; x_wconf 86' lang='lat' dir='ltr'>ct</span> <span class='ocrx_word' id='word_1_50' title='bbox 665 971 937 1059; x_wconf 76' lang='lat' dir='ltr'>pulchritudinem</span> <span class='ocrx_word' id='word_1_51' title='bbox 956 975 1083 1041; x_wconf 82' lang='lat' dir='ltr'><strong>interim</strong></span> <span class='ocrx_word' id='word_1_52' title='bbox 1099 979 1260 1066; x_wconf 78' lang='lat' dir='ltr'>roburque</span> 
     </span>
     <span class='ocr_line' id='line_1_8' title="bbox 225 1055 1258 1151; baseline 0.003 -27"><span class='ocrx_word' id='word_1_53' title='bbox 225 1057 467 1148; x_wconf 62' lang='lat' dir='ltr'>prosequimure</span> <span class='ocrx_word' id='word_1_54' title='bbox 489 1055 612 1122; x_wconf 89' lang='lat' dir='ltr'>honore</span> <span class='ocrx_word' id='word_1_55' title='bbox 642 1060 821 1135; x_wconf 80' lang='lat' dir='ltr'>verborum,</span> <span class='ocrx_word' id='word_1_56' title='bbox 848 1075 886 1124; x_wconf 89' lang='lat' dir='ltr'>ut</span> <span class='ocrx_word' id='word_1_57' title='bbox 911 1063 1073 1128; x_wconf 88' lang='lat' dir='ltr'>Homerus</span> <span class='ocrx_word' id='word_1_58' title='bbox 1103 1063 1136 1126; x_wconf 92' lang='lat' dir='ltr'>in</span> <span class='ocrx_word' id='word_1_59' title='bbox 1164 1064 1258 1151; x_wconf 84' lang='lat' dir='ltr'>Aga·</span> 
     </span>
     <span class='ocr_line' id='line_1_9' title="bbox 226 1139 1259 1230; baseline 0.002 -18"><span class='ocrx_word' id='word_1_60' title='bbox 226 1165 398 1212; x_wconf 84' lang='lat' dir='ltr'>memnone</span> <span class='ocrx_word' id='word_1_61' title='bbox 426 1155 525 1230; x_wconf 81' lang='lat' dir='ltr'>atque</span> <span class='ocrx_word' id='word_1_62' title='bbox 552 1142 693 1208; x_wconf 83' lang='lat' dir='ltr'>Achille.</span> <span class='ocrx_word' id='word_1_63' title='bbox 740 1144 871 1208; x_wconf 83' lang='lat' dir='ltr'>Interim</span> <span class='ocrx_word' id='word_1_64' title='bbox 902 1139 1025 1212; x_wconf 81' lang='lat' dir='ltr'>confert</span> <span class='ocrx_word' id='word_1_65' title='bbox 1055 1147 1259 1214; x_wconf 81' lang='lat' dir='ltr'>admirationi</span> 
     </span>
     <span class='ocr_line' id='line_1_10' title="bbox 224 1227 1257 1322; baseline 0.003 -26"><span class='ocrx_word' id='word_1_66' title='bbox 224 1231 364 1298; x_wconf 87' lang='lat' dir='ltr'>multum</span> <span class='ocrx_word' id='word_1_67' title='bbox 386 1227 484 1294; x_wconf 81' lang='lat' dir='ltr'>etiam</span> <span class='ocrx_word' id='word_1_68' title='bbox 509 1227 688 1307; x_wconf 85' lang='lat' dir='ltr'>infirmitas,</span> <span class='ocrx_word' id='word_1_69' title='bbox 703 1241 742 1293; x_wconf 88' lang='lat' dir='ltr'>ut</span> <span class='ocrx_word' id='word_1_70' title='bbox 764 1251 839 1294; x_wconf 89' lang='lat' dir='ltr'>cum</span> <span class='ocrx_word' id='word_1_71' title='bbox 863 1231 949 1296; x_wconf 88' lang='lat' dir='ltr'>idern</span> <span class='ocrx_word' id='word_1_72' title='bbox 971 1233 1085 1320; x_wconf 86' lang='lat' dir='ltr'>Tydea</span> <span class='ocrx_word' id='word_1_73' title='bbox 1109 1255 1257 1322; x_wconf 77' lang='lat' dir='ltr'>parvum,</span> 
     </span>
     <span class='ocr_line' id='line_1_11' title="bbox 226 1311 1310 1402; baseline -0.001 -19"><span class='ocrx_word' id='word_1_74' title='bbox 226 1317 281 1383; x_wconf 81' lang='lat' dir='ltr'>sed</span> <span class='ocrx_word' id='word_1_75' title='bbox 301 1315 488 1382; x_wconf 79' lang='lat' dir='ltr'>bellatorem</span> <span class='ocrx_word' id='word_1_76' title='bbox 509 1313 590 1378; x_wconf 87' lang='lat' dir='ltr'>dicit</span> <span class='ocrx_word' id='word_1_77' title='bbox 608 1311 708 1379; x_wconf 79' lang='lat' dir='ltr'>firilse.</span> <span class='ocrx_word' id='word_1_78' title='bbox 753 1316 891 1380; x_wconf 83' lang='lat' dir='ltr'>Fortuna</span> <span class='ocrx_word' id='word_1_79' title='bbox 911 1339 999 1396; x_wconf 87' lang='lat' dir='ltr'>vero,</span> <span class='ocrx_word' id='word_1_80' title='bbox 1015 1339 1092 1384; x_wconf 89' lang='lat' dir='ltr'>cum</span> <span class='ocrx_word' id='word_1_81' title='bbox 1114 1320 1147 1384; x_wconf 92' lang='lat' dir='ltr'>di</span> <span class='ocrx_word' id='word_1_82' title='bbox 1194 1320 1310 1402; x_wconf 80' lang='lat' dir='ltr'>ita-13</span> 
     </span>
     <span class='ocr_line' id='line_1_12' title="bbox 225 1398 1258 1490; baseline 0.002 -22"><span class='ocrx_word' id='word_1_83' title='bbox 225 1417 292 1468; x_wconf 88' lang='lat' dir='ltr'>tem</span> <span class='ocrx_word' id='word_1_84' title='bbox 307 1401 409 1479; x_wconf 80' lang='lat' dir='ltr'>affert,</span> <span class='ocrx_word' id='word_1_85' title='bbox 423 1399 508 1466; x_wconf 91' lang='lat' dir='ltr'>utin</span> <span class='ocrx_word' id='word_1_86' title='bbox 522 1399 653 1487; x_wconf 82' lang='lat' dir='ltr'>regibus</span> <span class='ocrx_word' id='word_1_87' title='bbox 667 1398 924 1490; x_wconf 87' lang='lat' dir='ltr'>principibusque</span> <span class='ocrx_word' id='word_1_88' title='bbox 949 1406 1102 1490; x_wconf 77' lang='lat' dir='ltr'>(namque</span> <span class='ocrx_word' id='word_1_89' title='bbox 1123 1427 1142 1470; x_wconf 90' lang='lat' dir='ltr'>e</span> <span class='ocrx_word' id='word_1_90' title='bbox 1182 1405 1258 1486; x_wconf 16' lang='lat' dir='ltr'>&#39;haec</span> 
     </span>
     <span class='ocr_line' id='line_1_13' title="bbox 225 1485 1258 1577; baseline 0.002 -23"><span class='ocrx_word' id='word_1_91' title='bbox 225 1488 358 1555; x_wconf 83' lang='lat' dir='ltr'>materia</span> <span class='ocrx_word' id='word_1_92' title='bbox 379 1485 581 1551; x_wconf 79' lang='lat' dir='ltr'>ostendendae</span> <span class='ocrx_word' id='word_1_93' title='bbox 604 1485 732 1550; x_wconf 85' lang='lat' dir='ltr'>virtutis</span> <span class='ocrx_word' id='word_1_94' title='bbox 756 1487 897 1570; x_wconf 88' lang='lat' dir='ltr'>uberior)</span> <span class='ocrx_word' id='word_1_95' title='bbox 926 1499 996 1554; x_wconf 88' lang='lat' dir='ltr'>tum</span> <span class='ocrx_word' id='word_1_96' title='bbox 1023 1507 1089 1577; x_wconf 91' lang='lat' dir='ltr'>quo</span> <span class='ocrx_word' id='word_1_97' title='bbox 1116 1491 1258 1558; x_wconf 75' lang='lat' dir='ltr'>minores</span> 
     </span>
     <span class='ocr_line' id='line_1_14' title="bbox 225 1570 1258 1663; baseline 0.002 -23"><span class='ocrx_word' id='word_1_98' title='bbox 225 1591 302 1663; x_wconf 83' lang='lat' dir='ltr'>opes</span> <span class='ocrx_word' id='word_1_99' title='bbox 317 1574 459 1652; x_wconf 83' lang='lat' dir='ltr'>fuerunt,</span> <span class='ocrx_word' id='word_1_100' title='bbox 473 1593 514 1636; x_wconf 91' lang='lat' dir='ltr'>eo</span> <span class='ocrx_word' id='word_1_101' title='bbox 535 1571 688 1660; x_wconf 85' lang='lat' dir='ltr'>majorem</span> <span class='ocrx_word' id='word_1_102' title='bbox 710 1570 884 1638; x_wconf 74' lang='lat' dir='ltr'>benefnllis</span> <span class='ocrx_word' id='word_1_103' title='bbox 897 1573 1033 1661; x_wconf 83' lang='lat' dir='ltr'>gloriam</span> <span class='ocrx_word' id='word_1_104' title='bbox 1056 1575 1149 1663; x_wconf 82' lang='lat' dir='ltr'>parit.</span> <span class='ocrx_word' id='word_1_105' title='bbox 1192 1575 1258 1642; x_wconf 89' lang='lat' dir='ltr'>Sed</span> 
     </span>
     <span class='ocr_line' id='line_1_15' title="bbox 225 1657 1259 1760; baseline 0.001 -35"><span class='ocrx_word' id='word_1_106' title='bbox 225 1660 345 1740; x_wconf 85' lang='lat' dir='ltr'>omnia,</span> <span class='ocrx_word' id='word_1_107' title='bbox 373 1681 445 1760; x_wconf 78' lang='lat' dir='ltr'>quae</span> <span class='ocrx_word' id='word_1_108' title='bbox 470 1669 559 1722; x_wconf 82' lang='lat' dir='ltr'>extra</span> <span class='ocrx_word' id='word_1_109' title='bbox 582 1677 641 1720; x_wconf 85' lang='lat' dir='ltr'>noa</span> <span class='ocrx_word' id='word_1_110' title='bbox 664 1658 771 1722; x_wconf 78' lang='lat' dir='ltr'>bona⁸</span> <span class='ocrx_word' id='word_1_111' title='bbox 797 1657 881 1738; x_wconf 84' lang='lat' dir='ltr'>sunt,</span> <span class='ocrx_word' id='word_1_112' title='bbox 907 1681 1046 1748; x_wconf 83' lang='lat' dir='ltr'>quoeque</span> <span class='ocrx_word' id='word_1_113' title='bbox 1070 1661 1259 1728; x_wconf 76' lang='lat' dir='ltr'>hominibus</span> 
     </span>
     <span class='ocr_line' id='line_1_16' title="bbox 223 1740 1258 1836; baseline -0.004 -20"><span class='ocrx_word' id='word_1_114' title='bbox 223 1746 307 1816; x_wconf 79' lang='lat' dir='ltr'>forte</span> <span class='ocrx_word' id='word_1_115' title='bbox 321 1745 521 1832; x_wconf 76' lang='lat' dir='ltr'>obtigerunt,</span> <span class='ocrx_word' id='word_1_116' title='bbox 536 1765 602 1808; x_wconf 92' lang='lat' dir='ltr'>non</span> <span class='ocrx_word' id='word_1_117' title='bbox 617 1741 690 1808; x_wconf 87' lang='lat' dir='ltr'>ideo</span> <span class='ocrx_word' id='word_1_118' title='bbox 708 1740 891 1824; x_wconf 81' lang='lat' dir='ltr'>laudantur,</span> <span class='ocrx_word' id='word_1_119' title='bbox 905 1745 994 1831; x_wconf 89' lang='lat' dir='ltr'>qnod</span> <span class='ocrx_word' id='word_1_120' title='bbox 1015 1745 1164 1812; x_wconf 75' lang='lat' dir='ltr'>hebuerit</span> <span class='ocrx_word' id='word_1_121' title='bbox 1184 1748 1258 1836; x_wconf 86' lang='lat' dir='ltr'>quis</span> 
     </span>
     <span class='ocr_line' id='line_1_17' title="bbox 163 1827 1312 1920; baseline -0.002 -23"><span class='ocrx_word' id='word_1_122' title='bbox 163 1876 167 1888; x_wconf 61' lang='lat'>=</span> <span class='ocrx_word' id='word_1_123' title='bbox 223 1853 273 1912; x_wconf 86' lang='lat' dir='ltr'>ea,</span> <span class='ocrx_word' id='word_1_124' title='bbox 287 1831 341 1898; x_wconf 89' lang='lat' dir='ltr'>sed</span> <span class='ocrx_word' id='word_1_125' title='bbox 355 1828 443 1918; x_wconf 91' lang='lat' dir='ltr'>quod</span> <span class='ocrx_word' id='word_1_126' title='bbox 456 1829 507 1894; x_wconf 85' lang='lat' dir='ltr'>his</span> <span class='ocrx_word' id='word_1_127' title='bbox 521 1829 650 1892; x_wconf 82' lang='lat' dir='ltr'>honeste</span> <span class='ocrx_word' id='word_1_128' title='bbox 664 1828 702 1892; x_wconf 88' lang='lat' dir='ltr'>fit</span> <span class='ocrx_word' id='word_1_129' title='bbox 716 1827 799 1892; x_wconf 89' lang='lat' dir='ltr'>usus.</span> <span class='ocrx_word' id='word_1_130' title='bbox 843 1832 932 1896; x_wconf 84' lang='lat' dir='ltr'>Nam</span> <span class='ocrx_word' id='word_1_131' title='bbox 946 1829 1078 1911; x_wconf 84' lang='lat' dir='ltr'>divitiae,</span> <span class='ocrx_word' id='word_1_132' title='bbox 1091 1845 1125 1896; x_wconf 87' lang='lat' dir='ltr'>et</span> <span class='ocrx_word' id='word_1_133' title='bbox 1139 1845 1255 1920; x_wconf 87' lang='lat' dir='ltr'>poten·</span> <span class='ocrx_word' id='word_1_134' title='bbox 1271 1850 1312 1914; x_wconf 89' lang='lat'>14</span> 
     </span>
     <span class='ocr_line' id='line_1_18' title="bbox 223 1913 1257 2006; baseline 0.001 -23"><span class='ocrx_word' id='word_1_135' title='bbox 223 1917 279 1998; x_wconf 85' lang='lat' dir='ltr'>tia,</span> <span class='ocrx_word' id='word_1_136' title='bbox 295 1931 329 1982; x_wconf 89' lang='lat' dir='ltr'>et</span> <span class='ocrx_word' id='word_1_137' title='bbox 350 1915 464 2004; x_wconf 84' lang='lat' dir='ltr'>gratia,</span> <span class='ocrx_word' id='word_1_138' title='bbox 486 1937 562 1980; x_wconf 91' lang='lat' dir='ltr'>cum</span> <span class='ocrx_word' id='word_1_139' title='bbox 586 1913 759 2002; x_wconf 87' lang='lat' dir='ltr'>plurimum</span> <span class='ocrx_word' id='word_1_140' title='bbox 782 1913 898 1980; x_wconf 89' lang='lat' dir='ltr'>virium</span> <span class='ocrx_word' id='word_1_141' title='bbox 917 1915 1007 1995; x_wconf 90' lang='lat' dir='ltr'>dent,</span> <span class='ocrx_word' id='word_1_142' title='bbox 1031 1916 1065 1980; x_wconf 94' lang='lat' dir='ltr'>in</span> <span class='ocrx_word' id='word_1_143' title='bbox 1085 1929 1257 2006; x_wconf 85' lang='lat' dir='ltr'>utramque</span> 
     </span>
     <span class='ocr_line' id='line_1_19' title="bbox 222 1998 1257 2092; baseline 0.001 -25"><span class='ocrx_word' id='word_1_144' title='bbox 222 2016 344 2092; x_wconf 87' lang='lat' dir='ltr'>partem</span> <span class='ocrx_word' id='word_1_145' title='bbox 370 2000 572 2067; x_wconf 88' lang='lat' dir='ltr'>certillimum</span> <span class='ocrx_word' id='word_1_146' title='bbox 597 1998 721 2064; x_wconf 85' lang='lat' dir='ltr'>faciunt</span> <span class='ocrx_word' id='word_1_147' title='bbox 743 2021 868 2063; x_wconf 90' lang='lat' dir='ltr'>morum</span> <span class='ocrx_word' id='word_1_148' title='bbox 892 2001 1167 2088; x_wconf 84' lang='lat' dir='ltr'>experimentum:</span> <span class='ocrx_word' id='word_1_149' title='bbox 1200 2015 1257 2068; x_wconf 81' lang='lat' dir='ltr'>aut</span> 
     </span>
    </p>

    <p class='ocr_par' dir='ltr' id='par_1_3' title="bbox 126 2083 1343 2942">
     <span class='ocr_line' id='line_1_20' title="bbox 172 2083 1309 2174; baseline -0.001 -21"><span class='ocrx_word' id='word_1_150' title='bbox 172 2109 176 2127; x_wconf 78' lang='grc'>’</span> <span class='ocrx_word' id='word_1_151' title='bbox 221 2089 310 2154; x_wconf 91' lang='lat' dir='ltr'>enim</span> <span class='ocrx_word' id='word_1_152' title='bbox 333 2086 481 2151; x_wconf 73' lang='lat' dir='ltr'>meliores</span> <span class='ocrx_word' id='word_1_153' title='bbox 502 2107 559 2172; x_wconf 88' lang='lat' dir='ltr'>pro</span> <span class='ocrx_word' id='word_1_154' title='bbox 581 2095 629 2148; x_wconf 85' lang='lat' dir='ltr'>ter</span> <span class='ocrx_word' id='word_1_155' title='bbox 650 2083 735 2164; x_wconf 85' lang='lat' dir='ltr'>haec,</span> <span class='ocrx_word' id='word_1_156' title='bbox 757 2097 814 2148; x_wconf 87' lang='lat' dir='ltr'>aut</span> <span class='ocrx_word' id='word_1_157' title='bbox 835 2084 956 2174; x_wconf 82' lang='lat' dir='ltr'>pejores</span> <span class='ocrx_word' id='word_1_158' title='bbox 979 2087 1099 2154; x_wconf 87' lang='lat' dir='ltr'>sumus.</span> <span class='ocrx_word' id='word_1_159' title='bbox 1142 2089 1256 2156; x_wconf 87' lang='lat' dir='ltr'>Animi</span> <span class='ocrx_word' id='word_1_160' title='bbox 1270 2104 1309 2174; x_wconf 83' lang='lat'>15</span> 
     </span>
     <span class='ocr_line' id='line_1_21' title="bbox 126 2107 1255 2261; baseline -0.001 -21"><span class='ocrx_word' id='word_1_161' title='bbox 126 2169 130 2178; x_wconf 82' lang='grc'><strong>’</strong></span> <span class='ocrx_word' id='word_1_162' title='bbox 220 2173 344 2261; x_wconf 86' lang='lat' dir='ltr'>semper</span> <span class='ocrx_word' id='word_1_163' title='bbox 358 2194 431 2237; x_wconf 90' lang='lat' dir='ltr'>vera</span> <span class='ocrx_word' id='word_1_164' title='bbox 445 2171 536 2236; x_wconf 81' lang='lat' dir='ltr'>lauet</span> <span class='ocrx_word' id='word_1_165' title='bbox 557 2107 612 2234; x_wconf 76' lang='lat' dir='ltr'>iud</span> <span class='ocrx_word' id='word_1_166' title='bbox 626 2191 691 2232; x_wconf 89' lang='lat' dir='ltr'>non</span> <span class='ocrx_word' id='word_1_167' title='bbox 706 2193 771 2234; x_wconf 84' lang='lat' dir='ltr'>una</span> <span class='ocrx_word' id='word_1_168' title='bbox 784 2173 865 2258; x_wconf 82' lang='lat' dir='ltr'>perb</span> <span class='ocrx_word' id='word_1_169' title='bbox 878 2172 942 2237; x_wconf 93' lang='lat' dir='ltr'>hoc</span> <span class='ocrx_word' id='word_1_170' title='bbox 955 2193 1036 2258; x_wconf 85' lang='lat' dir='ltr'>opus</span> <span class='ocrx_word' id='word_1_171' title='bbox 1051 2173 1103 2238; x_wconf 82' lang='lat' dir='ltr'>via</span> <span class='ocrx_word' id='word_1_172' title='bbox 1115 2171 1255 2240; x_wconf 91' lang='lat' dir='ltr'>ducitur.</span> 
     </span>
     <span class='ocr_line' id='line_1_22' title="bbox 221 2255 1255 2346; baseline 0.001 -20"><span class='ocrx_word' id='word_1_173' title='bbox 221 2261 375 2346; x_wconf 82' lang='lat' dir='ltr'>Namque</span> <span class='ocrx_word' id='word_1_174' title='bbox 388 2255 464 2321; x_wconf 79' lang='lat' dir='ltr'>allae</span> <span class='ocrx_word' id='word_1_175' title='bbox 480 2255 584 2320; x_wconf 78' lang='lat' dir='ltr'>aetatie</span> <span class='ocrx_word' id='word_1_176' title='bbox 598 2255 728 2342; x_wconf 83' lang='lat' dir='ltr'>gradus,</span> <span class='ocrx_word' id='word_1_177' title='bbox 743 2257 964 2346; x_wconf 79' lang='lat' dir='ltr'>gestarumque</span> <span class='ocrx_word' id='word_1_178' title='bbox 979 2281 1085 2322; x_wconf 88' lang='lat' dir='ltr'>rerum</span> <span class='ocrx_word' id='word_1_179' title='bbox 1108 2260 1255 2326; x_wconf 89' lang='lat' dir='ltr'>ordinem</span> 
     </span>
     <span class='ocr_line' id='line_1_23' title="bbox 222 2337 1253 2434; baseline -0.001 -23"><span class='ocrx_word' id='word_1_180' title='bbox 222 2344 311 2434; x_wconf 84' lang='lat' dir='ltr'>sequi</span> <span class='ocrx_word' id='word_1_181' title='bbox 326 2341 492 2432; x_wconf 76' lang='lat' dir='ltr'>specimus</span> <span class='ocrx_word' id='word_1_182' title='bbox 504 2340 579 2419; x_wconf 86' lang='lat' dir='ltr'>suit,</span> <span class='ocrx_word' id='word_1_183' title='bbox 593 2354 632 2406; x_wconf 91' lang='lat' dir='ltr'>ut</span> <span class='ocrx_word' id='word_1_184' title='bbox 646 2337 679 2405; x_wconf 87' lang='lat' dir='ltr'>in</span> <span class='ocrx_word' id='word_1_185' title='bbox 700 2340 812 2428; x_wconf 78' lang='lat' dir='ltr'>primia</span> <span class='ocrx_word' id='word_1_186' title='bbox 835 2344 928 2407; x_wconf 75' lang='lat' dir='ltr'>annio</span> <span class='ocrx_word' id='word_1_187' title='bbox 952 2343 1133 2410; x_wconf 83' lang='lat' dir='ltr'>laudaretur</span> <span class='ocrx_word' id='word_1_188' title='bbox 1157 2345 1253 2410; x_wconf 80' lang='lat' dir='ltr'>indn—</span> 
     </span>
     <span class='ocr_line' id='line_1_24' title="bbox 220 2421 1252 2514; baseline -0.001 -16"><span class='ocrx_word' id='word_1_189' title='bbox 220 2431 281 2512; x_wconf 62' lang='grc' dir='ltr'>ἰεῦ,</span> <span class='ocrx_word' id='word_1_190' title='bbox 297 2442 368 2495; x_wconf 89' lang='lat' dir='ltr'>tum</span> <span class='ocrx_word' id='word_1_191' title='bbox 381 2426 566 2514; x_wconf 70' lang='lat' dir='ltr'>disciplinae,</span> <span class='ocrx_word' id='word_1_192' title='bbox 581 2425 648 2514; x_wconf 87' lang='lat' dir='ltr'>post</span> <span class='ocrx_word' id='word_1_193' title='bbox 663 2426 726 2491; x_wconf 84' lang='lat' dir='ltr'>hoc</span> <span class='ocrx_word' id='word_1_194' title='bbox 740 2441 885 2514; x_wconf 83' lang='lat' dir='ltr'>opetum,</span> <span class='ocrx_word' id='word_1_195' title='bbox 902 2421 936 2493; x_wconf 90' lang='lat' dir='ltr'>id</span> <span class='ocrx_word' id='word_1_196' title='bbox 950 2429 992 2492; x_wconf 87' lang='lat' dir='ltr'>est</span> <span class='ocrx_word' id='word_1_197' title='bbox 1006 2427 1162 2496; x_wconf 73' lang='lat' dir='ltr'>fanorum</span> <span class='ocrx_word' id='word_1_198' title='bbox 1181 2425 1252 2497; x_wconf 79' lang='lat' dir='ltr'>dle·-</span> 
     </span>
     <span class='ocr_line' id='line_1_25' title="bbox 221 2511 1343 2604; baseline 0.003 -23"><span class='ocrx_word' id='word_1_199' title='bbox 221 2529 394 2604; x_wconf 88' lang='lat' dir='ltr'>torumque</span> <span class='ocrx_word' id='word_1_200' title='bbox 419 2525 612 2578; x_wconf 80' lang='lat' dir='ltr'>contextus:</span> <span class='ocrx_word' id='word_1_201' title='bbox 643 2511 720 2577; x_wconf 82' lang='lat' dir='ltr'>alias</span> <span class='ocrx_word' id='word_1_202' title='bbox 743 2513 778 2576; x_wconf 93' lang='lat' dir='ltr'>in</span> <span class='ocrx_word' id='word_1_203' title='bbox 801 2511 918 2599; x_wconf 79' lang='lat' dir='ltr'>specics</span> <span class='ocrx_word' id='word_1_204' title='bbox 936 2514 1091 2582; x_wconf 89' lang='lat' dir='ltr'>virtutum</span> <span class='ocrx_word' id='word_1_205' title='bbox 1112 2515 1254 2584; x_wconf 84' lang='lat' dir='ltr'>dividere</span> <span class='ocrx_word' id='word_1_206' title='bbox 1338 2513 1343 2524; x_wconf 21' lang='grc' dir='ltr'><strong>Χ</strong></span> 
     </span>
     <span class='ocr_line' id='line_1_26' title="bbox 220 2596 1254 2690; baseline 0 -24"><span class='ocrx_word' id='word_1_207' title='bbox 220 2600 349 2668; x_wconf 72' lang='lat' dir='ltr'>laudent</span> <span class='ocrx_word' id='word_1_208' title='bbox 353 2647 362 2679; x_wconf 92' lang='lat'><strong><em>,</em></strong></span> <span class='ocrx_word' id='word_1_209' title='bbox 367 2599 574 2687; x_wconf 76' lang='lat' dir='ltr'>fortitudinis,</span> <span class='ocrx_word' id='word_1_210' title='bbox 584 2596 721 2686; x_wconf 64' lang='lat' dir='ltr'>justitiae,</span> <span class='ocrx_word' id='word_1_211' title='bbox 737 2599 934 2679; x_wconf 70' lang='lat' dir='ltr'>continentiae,</span> <span class='ocrx_word' id='word_1_212' title='bbox 949 2613 1201 2690; x_wconf 83' lang='lat' dir='ltr'>ceterarumque,</span> <span class='ocrx_word' id='word_1_213' title='bbox 1216 2626 1254 2666; x_wconf 83' lang='lat' dir='ltr'>ae</span> 
     </span>
     <span class='ocr_line' id='line_1_27' title="bbox 219 2684 1255 2776; baseline 0.001 -24"><span class='ocrx_word' id='word_1_214' title='bbox 219 2687 352 2776; x_wconf 75' lang='lat' dir='ltr'>singulis</span> <span class='ocrx_word' id='word_1_215' title='bbox 375 2685 541 2774; x_wconf 82' lang='lat' dir='ltr'>affignare,</span> <span class='ocrx_word' id='word_1_216' title='bbox 563 2705 636 2774; x_wconf 84' lang='lat' dir='ltr'>quae</span> <span class='ocrx_word' id='word_1_217' title='bbox 656 2684 831 2749; x_wconf 87' lang='lat' dir='ltr'>secundum</span> <span class='ocrx_word' id='word_1_218' title='bbox 854 2707 1015 2773; x_wconf 83' lang='lat' dir='ltr'>quamque</span> <span class='ocrx_word' id='word_1_219' title='bbox 1037 2709 1146 2752; x_wconf 89' lang='lat' dir='ltr'>earnm</span> <span class='ocrx_word' id='word_1_220' title='bbox 1168 2691 1255 2775; x_wconf 84' lang='lat' dir='ltr'>gesta</span> 
     </span>
     <span class='ocr_line' id='line_1_28' title="bbox 220 2767 1309 2856; baseline 0 -19"><span class='ocrx_word' id='word_1_221' title='bbox 220 2785 327 2838; x_wconf 90' lang='lat' dir='ltr'>erunt.</span> <span class='ocrx_word' id='word_1_222' title='bbox 371 2773 453 2856; x_wconf 86' lang='lat' dir='ltr'>Utra</span> <span class='ocrx_word' id='word_1_223' title='bbox 476 2771 513 2836; x_wconf 87' lang='lat' dir='ltr'>fit</span> <span class='ocrx_word' id='word_1_224' title='bbox 537 2783 646 2834; x_wconf 83' lang='lat' dir='ltr'>autem</span> <span class='ocrx_word' id='word_1_225' title='bbox 670 2769 783 2834; x_wconf 86' lang='lat' dir='ltr'>harum</span> <span class='ocrx_word' id='word_1_226' title='bbox 808 2769 861 2835; x_wconf 87' lang='lat' dir='ltr'>via</span> <span class='ocrx_word' id='word_1_227' title='bbox 885 2767 1006 2850; x_wconf 91' lang='lat' dir='ltr'>utilior,</span> <span class='ocrx_word' id='word_1_228' title='bbox 1028 2793 1103 2836; x_wconf 91' lang='lat' dir='ltr'>cum</span> <span class='ocrx_word' id='word_1_229' title='bbox 1122 2775 1254 2839; x_wconf 86' lang='lat' dir='ltr'>materia</span> <span class='ocrx_word' id='word_1_230' title='bbox 1267 2774 1309 2837; x_wconf 91' lang='lat'>16</span> 
     </span>
     <span class='ocr_line' id='line_1_29' title="bbox 220 2854 1256 2942; baseline -0.001 -17"><span class='ocrx_word' id='word_1_231' title='bbox 220 2857 496 2924; x_wconf 78' lang='lat' dir='ltr'>deliberabimusr</span> <span class='ocrx_word' id='word_1_232' title='bbox 525 2855 604 2921; x_wconf 92' lang='lat' dir='ltr'>dum</span> <span class='ocrx_word' id='word_1_233' title='bbox 630 2854 764 2920; x_wconf 85' lang='lat' dir='ltr'>sciamus</span> <span class='ocrx_word' id='word_1_234' title='bbox 786 2855 935 2942; x_wconf 82' lang='lat' dir='ltr'>gratiora·</span> <span class='ocrx_word' id='word_1_235' title='bbox 949 2856 1010 2922; x_wconf 85' lang='lat' dir='ltr'>elle</span> <span class='ocrx_word' id='word_1_236' title='bbox 1033 2857 1256 2940; x_wconf 60' lang='lat' dir='ltr'>audientibus}</span> 
     </span>
    </p>
   </div>
   <div class='ocr_carea' id='block_1_3' title="bbox 220 2941 1305 3202">
    <p class='ocr_par' dir='ltr' id='par_1_4' title="bbox 220 2941 1305 3202">
     <span class='ocr_line' id='line_1_30' title="bbox 220 2941 1253 3094; baseline 0.001 -86"><span class='ocrx_word' id='word_1_237' title='bbox 220 2967 295 3094; x_wconf 63' lang='lat' dir='ltr'>puae</span> <span class='ocrx_word' id='word_1_238' title='bbox 309 2943 394 3011; x_wconf 82' lang='lat' dir='ltr'>solue</span> <span class='ocrx_word' id='word_1_239' title='bbox 408 2942 494 3030; x_wconf 79' lang='lat' dir='ltr'>quie,</span> <span class='ocrx_word' id='word_1_240' title='bbox 509 2954 566 3007; x_wconf 83' lang='lat' dir='ltr'>eut</span> <span class='ocrx_word' id='word_1_241' title='bbox 583 2941 717 3028; x_wconf 83' lang='lat' dir='ltr'>primus,</span> <span class='ocrx_word' id='word_1_242' title='bbox 733 2955 790 3006; x_wconf 83' lang='lat' dir='ltr'>aut</span> <span class='ocrx_word' id='word_1_243' title='bbox 811 2951 897 3006; x_wconf 85' lang='lat' dir='ltr'>certe</span> <span class='ocrx_word' id='word_1_244' title='bbox 919 2957 995 3005; x_wconf 90' lang='lat' dir='ltr'>cum</span> <span class='ocrx_word' id='word_1_245' title='bbox 1016 2944 1126 3028; x_wconf 86' lang='lat' dir='ltr'>paucis</span> <span class='ocrx_word' id='word_1_246' title='bbox 1148 2943 1253 3010; x_wconf 79' lang='lat' dir='ltr'>seciffe</span> 
     </span>
     <span class='ocr_line' id='line_1_31' title="bbox 243 3025 1251 3177; baseline 0 -85"><span class='ocrx_word' id='word_1_247' title='bbox 243 3029 366 3095; x_wconf 83' lang='lat' dir='ltr'>icetur:</span> <span class='ocrx_word' id='word_1_248' title='bbox 390 3029 410 3094; x_wconf 85' lang='lat' dir='ltr'>fi</span> <span class='ocrx_word' id='word_1_249' title='bbox 426 3025 505 3116; x_wconf 85' lang='lat' dir='ltr'>quid</span> <span class='ocrx_word' id='word_1_250' title='bbox 517 3025 890 3177; x_wconf 57' lang='lat' dir='ltr'>pretereasuprn‘sspem</span> <span class='ocrx_word' id='word_1_251' title='bbox 905 3039 961 3090; x_wconf 87' lang='lat' dir='ltr'>aut</span> <span class='ocrx_word' id='word_1_252' title='bbox 974 3028 1251 3132; x_wconf 59' lang='lat' dir='ltr'>exspoliationem,</span> 
     </span>
     <span class='ocr_line' id='line_1_32' title="bbox 819 3113 1305 3202; baseline 0 -26"><span class='ocrx_word' id='word_1_253' title='bbox 819 3135 849 3192; x_wconf 88' lang='lat' dir='ltr'>a,</span> <span class='ocrx_word' id='word_1_254' title='bbox 872 3133 970 3200; x_wconf 85' lang='lat' dir='ltr'>quam</span> <span class='ocrx_word' id='word_1_255' title='bbox 985 3113 1050 3176; x_wconf 86' lang='lat' dir='ltr'>sua.</span> <span class='ocrx_word' id='word_1_256' title='bbox 1094 3115 1250 3202; x_wconf 88' lang='lat' dir='ltr'>Tempus,</span> <span class='ocrx_word' id='word_1_257' title='bbox 1266 3125 1305 3198; x_wconf 85' lang='lat'>17</span> 
     </span>
    </p>
   </div>
   <div class='ocr_carea' id='block_1_4' title="bbox 219 3111 795 3204">
    <p class='ocr_par' dir='ltr' id='par_1_5' title="bbox 219 3111 795 3204">
     <span class='ocr_line' id='line_1_33' title="bbox 219 3111 795 3204; baseline -0.005 -23"><span class='ocrx_word' id='word_1_258' title='bbox 219 3116 379 3204; x_wconf 77' lang='lat' dir='ltr'>precipue</span> <span class='ocrx_word' id='word_1_259' title='bbox 393 3112 481 3202; x_wconf 86' lang='lat' dir='ltr'>quod</span> <span class='ocrx_word' id='word_1_260' title='bbox 500 3135 518 3178; x_wconf 84' lang='lat' dir='ltr'>a</span> <span class='ocrx_word' id='word_1_261' title='bbox 532 3111 603 3178; x_wconf 87' lang='lat' dir='ltr'>iena</span> <span class='ocrx_word' id='word_1_262' title='bbox 616 3125 725 3199; x_wconf 80' lang='lat' dir='ltr'>potrus</span> <span class='ocrx_word' id='word_1_263' title='bbox 737 3135 795 3183; x_wconf 83' lang='lat' dir='ltr'>cau</span> 
     </span>
    </p>
   </div>
   <div class='ocr_carea' id='block_1_5' title="bbox 217 3315 1253 3445">
    <p class='ocr_par' dir='ltr' id='par_1_6' title="bbox 217 3315 1253 3445">
     <span class='ocr_line' id='line_1_34' title="bbox 251 3315 1253 3384; baseline -0.006 -16"><span class='ocrx_word' id='word_1_264' title='bbox 251 3317 436 3380; x_wconf 66' lang='lat' dir='ltr'>tpromiserunt</span> <span class='ocrx_word' id='word_1_265' title='bbox 448 3318 479 3364; x_wconf 82' lang='lat' dir='ltr'>G.</span> <span class='ocrx_word' id='word_1_266' title='bbox 560 3315 652 3364; x_wconf 72' lang='lat' dir='ltr'>ufitur</span> <span class='ocrx_word' id='word_1_267' title='bbox 663 3317 695 3366; x_wconf 86' lang='lat' dir='ltr'>G.</span> <span class='ocrx_word' id='word_1_268' title='bbox 704 3317 768 3365; x_wconf 78' lang='lat' dir='ltr'>iens.</span> <span class='ocrx_word' id='word_1_269' title='bbox 849 3319 862 3346; x_wconf 72' lang='lat'>¹</span> <span class='ocrx_word' id='word_1_270' title='bbox 880 3323 1008 3376; x_wconf 81' lang='lat' dir='ltr'>corporum</span> <span class='ocrx_word' id='word_1_271' title='bbox 1020 3315 1051 3365; x_wconf 84' lang='lat' dir='ltr'>G.</span> <span class='ocrx_word' id='word_1_272' title='bbox 1132 3325 1146 3353; x_wconf 82' lang='lat'><em>2</em></span> <span class='ocrx_word' id='word_1_273' title='bbox 1163 3319 1253 3384; x_wconf 82' lang='lat' dir='ltr'>perseq.</span> 
     </span>
     <span class='ocr_line' id='line_1_35' title="bbox 217 3381 933 3445; baseline -0.003 -13"><span class='ocrx_word' id='word_1_274' title='bbox 217 3384 281 3434; x_wconf 77' lang='lat' dir='ltr'>seat.</span> <span class='ocrx_word' id='word_1_275' title='bbox 348 3385 485 3432; x_wconf 67' lang='lat' dir='ltr'>¹donati.</span> <span class='ocrx_word' id='word_1_276' title='bbox 547 3382 673 3445; x_wconf 73' lang='lat' dir='ltr'>bprnpter</span> <span class='ocrx_word' id='word_1_277' title='bbox 684 3382 716 3431; x_wconf 85' lang='lat' dir='ltr'>G.</span> <span class='ocrx_word' id='word_1_278' title='bbox 781 3387 894 3444; x_wconf 76' lang='lat' dir='ltr'>‘praeter</span> <span class='ocrx_word' id='word_1_279' title='bbox 902 3381 933 3430; x_wconf 79' lang='lat'>0.</span> 
     </span>
    </p>
   </div>
   <div class='ocr_carea' id='block_1_6' title="bbox 213 3557 1251 4331">
    <p class='ocr_par' dir='ltr' id='par_1_7' title="bbox 213 3557 1251 4331">
     <span class='ocr_line' id='line_1_36' title="bbox 256 3557 1251 3634; baseline -0.003 -18"><span class='ocrx_word' id='word_1_280' title='bbox 256 3582 299 3616; x_wconf 85' lang='lat' dir='ltr'>rr.</span> <span class='ocrx_word' id='word_1_281' title='bbox 325 3564 443 3634; x_wconf 77' lang='lat' dir='ltr'>majorem</span> <span class='ocrx_word' id='word_1_282' title='bbox 460 3571 536 3632; x_wconf 78' lang='lat' dir='ltr'>patre</span> <span class='ocrx_word' id='word_1_283' title='bbox 567 3560 611 3630; x_wconf 78' lang='lat' dir='ltr'>rto]</span> <span class='ocrx_word' id='word_1_284' title='bbox 641 3559 709 3612; x_wconf 89' lang='lat' dir='ltr'>Hinc</span> <span class='ocrx_word' id='word_1_285' title='bbox 759 3577 808 3628; x_wconf 86' lang='lat' dir='ltr'>que</span> <span class='ocrx_word' id='word_1_286' title='bbox 819 3559 961 3630; x_wconf 84' lang='lat' dir='ltr'>scriptorem</span> <span class='ocrx_word' id='word_1_287' title='bbox 973 3557 1118 3626; x_wconf 81' lang='lat' dir='ltr'>intercellit3</span> <span class='ocrx_word' id='word_1_288' title='bbox 1133 3559 1174 3613; x_wconf 87' lang='lat' dir='ltr'>hic</span> <span class='ocrx_word' id='word_1_289' title='bbox 1185 3560 1251 3614; x_wconf 80' lang='lat' dir='ltr'>enim</span> 
     </span>
     <span class='ocr_line' id='line_1_37' title="bbox 219 3629 1251 3701; baseline -0.004 -15"><span class='ocrx_word' id='word_1_290' title='bbox 219 3634 381 3686; x_wconf 84' lang='lat' dir='ltr'>Prometheus</span> <span class='ocrx_word' id='word_1_291' title='bbox 404 3635 429 3685; x_wconf 91' lang='lat' dir='ltr'>in</span> <span class='ocrx_word' id='word_1_292' title='bbox 451 3635 564 3684; x_wconf 69' lang='lat' dir='ltr'>Concae</span> <span class='ocrx_word' id='word_1_293' title='bbox 592 3629 709 3700; x_wconf 83' lang='lat' dir='ltr'>AEschyli</span> <span class='ocrx_word' id='word_1_294' title='bbox 759 3629 853 3682; x_wconf 84' lang='lat' dir='ltr'>indicat</span> <span class='ocrx_word' id='word_1_295' title='bbox 865 3630 922 3696; x_wconf 86' lang='lat' dir='ltr'>Jovi</span> <span class='ocrx_word' id='word_1_296' title='bbox 934 3641 1015 3682; x_wconf 84' lang='lat' dir='ltr'>totam</span> <span class='ocrx_word' id='word_1_297' title='bbox 1026 3647 1089 3692; x_wconf 87' lang='lat' dir='ltr'>rem,</span> <span class='ocrx_word' id='word_1_298' title='bbox 1101 3639 1127 3683; x_wconf 84' lang='lat' dir='ltr'>et</span> <span class='ocrx_word' id='word_1_299' title='bbox 1143 3631 1251 3701; x_wconf 84' lang='lat' dir='ltr'>pretium</span> 
     </span>
     <span class='ocr_line' id='line_1_38' title="bbox 216 3698 1110 3770; baseline -0.007 -14"><span class='ocrx_word' id='word_1_300' title='bbox 216 3704 263 3757; x_wconf 84' lang='lat' dir='ltr'>snb</span> <span class='ocrx_word' id='word_1_301' title='bbox 283 3703 357 3756; x_wconf 84' lang='lat' dir='ltr'>tinem</span> <span class='ocrx_word' id='word_1_302' title='bbox 378 3703 468 3755; x_wconf 71' lang='lat' dir='ltr'>tabulae</span> <span class='ocrx_word' id='word_1_303' title='bbox 487 3700 589 3754; x_wconf 84' lang='lat' dir='ltr'>obscure</span> <span class='ocrx_word' id='word_1_304' title='bbox 607 3699 709 3770; x_wconf 89' lang='lat' dir='ltr'>quidem</span> <span class='ocrx_word' id='word_1_305' title='bbox 757 3698 852 3750; x_wconf 87' lang='lat' dir='ltr'>oraculi</span> <span class='ocrx_word' id='word_1_306' title='bbox 863 3699 1001 3752; x_wconf 85' lang='lat' dir='ltr'>libertatem</span> <span class='ocrx_word' id='word_1_307' title='bbox 1012 3699 1061 3752; x_wconf 83' lang='lat' dir='ltr'>reti</span> <span class='ocrx_word' id='word_1_308' title='bbox 1080 3701 1110 3752; x_wconf 89' lang='lat' dir='ltr'>it.</span> 
     </span>
     <span class='ocr_line' id='line_1_39' title="bbox 216 3717 1250 3842; baseline -0.007 -17"><span class='ocrx_word' id='word_1_309' title='bbox 216 3778 327 3826; x_wconf 87' lang='lat' dir='ltr'>minatur</span> <span class='ocrx_word' id='word_1_310' title='bbox 346 3775 403 3842; x_wconf 88' lang='lat' dir='ltr'>Jovi</span> <span class='ocrx_word' id='word_1_311' title='bbox 429 3771 555 3832; x_wconf 83' lang='lat' dir='ltr'>futurum,</span> <span class='ocrx_word' id='word_1_312' title='bbox 574 3781 605 3821; x_wconf 88' lang='lat' dir='ltr'>ut</span> <span class='ocrx_word' id='word_1_313' title='bbox 628 3785 643 3822; x_wconf 83' lang='lat' dir='ltr'>a</span> <span class='ocrx_word' id='word_1_314' title='bbox 665 3769 710 3821; x_wconf 89' lang='lat' dir='ltr'>suo</span> <span class='ocrx_word' id='word_1_315' title='bbox 797 3781 839 3834; x_wconf 83' lang='lat'>15.</span> <span class='ocrx_word' id='word_1_316' title='bbox 853 3767 922 3838; x_wconf 68' lang='lat' dir='ltr'>gissa</span> <span class='ocrx_word' id='word_1_317' title='bbox 940 3769 1024 3834; x_wconf 79' lang='lat' dir='ltr'>erunt]</span> <span class='ocrx_word' id='word_1_318' title='bbox 1044 3717 1145 3830; x_wconf 63' lang='lat' dir='ltr'>vireu,</span> <span class='ocrx_word' id='word_1_319' title='bbox 1159 3779 1189 3820; x_wconf 92' lang='lat' dir='ltr'>ut</span> <span class='ocrx_word' id='word_1_320' title='bbox 1208 3765 1250 3819; x_wconf 90' lang='lat' dir='ltr'>fu-</span> 
     </span>
     <span class='ocr_line' id='line_1_40' title="bbox 217 3838 1249 3958; baseline -0.004 -64"><span class='ocrx_word' id='word_1_321' title='bbox 217 3845 267 3913; x_wconf 83' lang='lat' dir='ltr'>ipse</span> <span class='ocrx_word' id='word_1_322' title='bbox 287 3843 340 3895; x_wconf 79' lang='lat' dir='ltr'>filio</span> <span class='ocrx_word' id='word_1_323' title='bbox 357 3843 448 3912; x_wconf 75' lang='lat' dir='ltr'>opibus</span> <span class='ocrx_word' id='word_1_324' title='bbox 464 3853 588 3904; x_wconf 84' lang='lat' dir='ltr'>exuatur;</span> <span class='ocrx_word' id='word_1_325' title='bbox 608 3839 647 3891; x_wconf 84' lang='lat' dir='ltr'>sed</span> <span class='ocrx_word' id='word_1_326' title='bbox 664 3856 709 3891; x_wconf 87' lang='lat' dir='ltr'>nec</span> <span class='ocrx_word' id='word_1_327' title='bbox 758 3847 843 3888; x_wconf 90' lang='lat' dir='ltr'>tunun</span> <span class='ocrx_word' id='word_1_328' title='bbox 856 3839 902 3890; x_wconf 85' lang='lat' dir='ltr'>boc</span> <span class='ocrx_word' id='word_1_329' title='bbox 913 3838 974 3890; x_wconf 85' lang='lat' dir='ltr'>bene</span> <span class='ocrx_word' id='word_1_330' title='bbox 983 3839 1104 3891; x_wconf 77' lang='lat' dir='ltr'>cohaereat</span> <span class='ocrx_word' id='word_1_331' title='bbox 1114 3839 1249 3958; x_wconf 63' lang='lat' dir='ltr'>preterito,</span> 
     </span>
     <span class='ocr_line' id='line_1_41' title="bbox 215 3905 1250 3976; baseline -0.008 -10"><span class='ocrx_word' id='word_1_332' title='bbox 215 3915 291 3968; x_wconf 77' lang='lat' dir='ltr'>minis</span> <span class='ocrx_word' id='word_1_333' title='bbox 339 3912 526 3964; x_wconf 85' lang='lat' dir='ltr'>rMerenrium</span> <span class='ocrx_word' id='word_1_334' title='bbox 543 3910 709 3971; x_wconf 79' lang='lat' dir='ltr'>denuntiatis,</span> <span class='ocrx_word' id='word_1_335' title='bbox 750 3905 875 3976; x_wconf 70' lang='lat' dir='ltr'>speciosius</span> <span class='ocrx_word' id='word_1_336' title='bbox 886 3906 953 3974; x_wconf 82' lang='lat' dir='ltr'>fuir.</span> <span class='ocrx_word' id='word_1_337' title='bbox 981 3907 1067 3976; x_wconf 86' lang='lat' dir='ltr'>Igitur</span> <span class='ocrx_word' id='word_1_338' title='bbox 1084 3925 1114 3960; x_wconf 79' lang='lat' dir='ltr'>re</span> <span class='ocrx_word' id='word_1_339' title='bbox 1135 3908 1175 3960; x_wconf 92' lang='lat' dir='ltr'>hic</span> <span class='ocrx_word' id='word_1_340' title='bbox 1188 3907 1250 3976; x_wconf 84' lang='lat' dir='ltr'>sue-</span> 
     </span>
     <span class='ocr_line' id='line_1_42' title="bbox 215 3975 1249 4052; baseline -0.007 -16"><span class='ocrx_word' id='word_1_341' title='bbox 215 4000 260 4036; x_wconf 81' lang='lat' dir='ltr'>nte</span> <span class='ocrx_word' id='word_1_342' title='bbox 278 3984 330 4052; x_wconf 87' lang='lat' dir='ltr'>ipo</span> <span class='ocrx_word' id='word_1_343' title='bbox 349 3981 471 4032; x_wconf 85' lang='lat' dir='ltr'>intentato</span> <span class='ocrx_word' id='word_1_344' title='bbox 485 3977 591 4032; x_wconf 84' lang='lat' dir='ltr'>fulmine</span> <span class='ocrx_word' id='word_1_345' title='bbox 602 3979 706 4048; x_wconf 85' lang='lat' dir='ltr'>exprimi</span> <span class='ocrx_word' id='word_1_346' title='bbox 755 3986 814 4026; x_wconf 80' lang='lat' dir='ltr'>runt</span> <span class='ocrx_word' id='word_1_347' title='bbox 832 3976 962 4046; x_wconf 84' lang='lat' dir='ltr'>legendum</span> <span class='ocrx_word' id='word_1_348' title='bbox 978 3977 1087 4039; x_wconf 86' lang='lat' dir='ltr'>videtur,</span> <span class='ocrx_word' id='word_1_349' title='bbox 1099 3975 1139 4028; x_wconf 81' lang='lat' dir='ltr'>vel</span> <span class='ocrx_word' id='word_1_350' title='bbox 1157 3979 1183 4030; x_wconf 92' lang='lat' dir='ltr'>in</span> <span class='ocrx_word' id='word_1_351' title='bbox 1201 3977 1249 4030; x_wconf 84' lang='lat' dir='ltr'>hot</span> 
     </span>
     <span class='ocr_line' id='line_1_43' title="bbox 215 4045 1250 4121; baseline -0.004 -17"><span class='ocrx_word' id='word_1_352' title='bbox 215 4050 397 4121; x_wconf 76' lang='lat' dir='ltr'>eseliquidum</span> <span class='ocrx_word' id='word_1_353' title='bbox 408 4067 492 4104; x_wconf 73' lang='lat' dir='ltr'>venum</span> <span class='ocrx_word' id='word_1_354' title='bbox 504 4052 609 4121; x_wconf 85' lang='lat' dir='ltr'>patitur.</span> <span class='ocrx_word' id='word_1_355' title='bbox 630 4047 705 4099; x_wconf 82' lang='lat' dir='ltr'>Haud</span> <span class='ocrx_word' id='word_1_356' title='bbox 755 4047 867 4098; x_wconf 85' lang='lat' dir='ltr'>membro</span> <span class='ocrx_word' id='word_1_357' title='bbox 885 4045 961 4100; x_wconf 82' lang='lat' dir='ltr'>deeffe</span> <span class='ocrx_word' id='word_1_358' title='bbox 980 4047 1085 4099; x_wconf 87' lang='lat' dir='ltr'>verbum</span> <span class='ocrx_word' id='word_1_359' title='bbox 1103 4046 1182 4100; x_wconf 81' lang='lat' dir='ltr'>licebit</span> <span class='ocrx_word' id='word_1_360' title='bbox 1204 4059 1250 4100; x_wconf 84' lang='lat' dir='ltr'>aut</span> 
     </span>
     <span class='ocr_line' id='line_1_44' title="bbox 246 4113 1250 4190; baseline -0.003 -16"><span class='ocrx_word' id='word_1_361' title='bbox 246 4121 297 4174; x_wconf 89' lang='lat' dir='ltr'>ullo</span> <span class='ocrx_word' id='word_1_362' title='bbox 314 4117 413 4174; x_wconf 79' lang='lat' dir='ltr'>mollior</span> <span class='ocrx_word' id='word_1_363' title='bbox 429 4120 461 4172; x_wconf 84' lang='lat' dir='ltr'>cll</span> <span class='ocrx_word' id='word_1_364' title='bbox 478 4119 544 4190; x_wconf 83' lang='lat' dir='ltr'>apud</span> <span class='ocrx_word' id='word_1_365' title='bbox 556 4119 707 4179; x_wconf 81' lang='lat' dir='ltr'>Lutianum,</span> <span class='ocrx_word' id='word_1_366' title='bbox 756 4115 831 4168; x_wconf 82' lang='lat' dir='ltr'>fimile</span> <span class='ocrx_word' id='word_1_367' title='bbox 842 4116 967 4184; x_wconf 79' lang='lat' dir='ltr'>quoddam</span> <span class='ocrx_word' id='word_1_368' title='bbox 980 4113 1061 4169; x_wconf 89' lang='lat' dir='ltr'>futuri</span> <span class='ocrx_word' id='word_1_369' title='bbox 1077 4118 1205 4188; x_wconf 81' lang='lat' dir='ltr'>temporis,</span> <span class='ocrx_word' id='word_1_370' title='bbox 1217 4118 1250 4172; x_wconf 86' lang='lat' dir='ltr'>ad</span> 
     </span>
     <span class='ocr_line' id='line_1_45' title="bbox 213 4133 1142 4261; baseline 0 -19"><span class='ocrx_word' id='word_1_371' title='bbox 213 4133 335 4261; x_wconf 70' lang='lat' dir='ltr'>idtigmus</span> <span class='ocrx_word' id='word_1_372' title='bbox 354 4191 476 4243; x_wconf 88' lang='lat' dir='ltr'>nimirum</span> <span class='ocrx_word' id='word_1_373' title='bbox 497 4189 650 4241; x_wconf 77' lang='lat' dir='ltr'>cruciatibus</span> <span class='ocrx_word' id='word_1_374' title='bbox 668 4199 706 4238; x_wconf 85' lang='lat' dir='ltr'>to·</span> <span class='ocrx_word' id='word_1_375' title='bbox 757 4187 824 4256; x_wconf 88' lang='lat' dir='ltr'>qood</span> <span class='ocrx_word' id='word_1_376' title='bbox 836 4185 1142 4258; x_wconf 68' lang='lat' dir='ltr'>illuderuntrespondett.</span> 
     </span>
     <span class='ocr_line' id='line_1_46' title="bbox 217 4260 1027 4331; baseline -0.009 -17"><span class='ocrx_word' id='word_1_377' title='bbox 217 4261 266 4314; x_wconf 76' lang='lat' dir='ltr'>tius</span> <span class='ocrx_word' id='word_1_378' title='bbox 286 4261 416 4330; x_wconf 77' lang='lat' dir='ltr'>temporie,</span> <span class='ocrx_word' id='word_1_379' title='bbox 438 4260 506 4331; x_wconf 88' lang='lat' dir='ltr'>quod</span> <span class='ocrx_word' id='word_1_380' title='bbox 526 4261 590 4314; x_wconf 82' lang='lat' dir='ltr'>inter</span> <span class='ocrx_word' id='word_1_381' title='bbox 609 4270 707 4322; x_wconf 84' lang='lat' dir='ltr'>utrum·</span> <span class='ocrx_word' id='word_1_382' title='bbox 1025 4269 1027 4278; x_wconf 68' lang='lat'><strong><em>⁴</em></strong></span> 
     </span>
    </p>
   </div>
   <div class='ocr_carea' id='block_1_7' title="bbox 0 0 1516 4912">
    <p class='ocr_par' dir='ltr' id='par_1_8' title="bbox 0 0 1516 4912">
     <span class='ocr_line' id='line_1_47' title="bbox 0 0 1516 4912; baseline 0 4"><span class='ocrx_word' id='word_1_383' title='bbox 0 0 1516 4912; x_wconf 95' lang='lat' dir='ltr'> </span> 
     </span>
    </p>
   </div>
  </div>
 </body>
</html>
