2870 4916
266 404 297 472 ,6
510 405 556 470 Μ.
576 405 702 470 rann
723 405 1072 472 QUINCTILIANI

276 571 468 638 maluerunt.
513 547 729 638 Ac‘veterum
757 570 889 660 quidem
915 567 1077 660 sapientie
1102 568 1305 658 professorum

274 658 399 723 multos
423 671 458 722 et
480 658 611 724 honesta
632 658 820 746 praecepisse,
843 671 877 723 et
900 671 938 725 ut
959 667 1189 745 praeceperunt,
1208 655 1308 721 etiarn
1424 644 1425 704 l

274 741 395 821 vixisse,
420 738 766 809 facile²concesserim=
798 743 908 808 nostris
932 765 1007 807 vero
1030 741 1227 828 temporibus
1249 741 1308 806 sub

276 827 343 892 hoe
367 829 497 894 nomine
520 829 658 894 maxima
678 829 712 894 in
734 829 890 916 plerisque
913 827 992 894 vitia
1012 828 1187 892 latuerunt.
1230 827 1308 892 Non

276 913 364 978 enim
378 914 498 979 virtute
511 937 548 980 ae
567 915 687 994 studiis,
702 928 741 979 ut
762 915 955 980 haberentur
975 911 1165 1002 philosophi,
1181 911 1307 976 labora-

276 997 369 1076 bant,
384 997 436 1063 sed
458 999 585 1064 vultum
608 1012 642 1063 et
663 999 832 1080 tristitiam,
846 1011 881 1064 et
902 998 1135 1064 dissentientem
1153 1019 1174 1060 a
1193 997 1309 1062 ceteris

276 1083 425 1148 habitum
444 1085 579 1172 pessimis
597 1085 740 1149 moribus
755 1083 1007 1172 pmtendebant.
1051 1067 1173 1148 Nu'rrc·
1196 1086 1370 1148 autem16

276 1189 351 1255 que
366 1169 473 1234 velutt
495 1191 553 1258 pro
574 1169 621 1234 ria
639 1169 846 1258 philosophiae
865 1169 1050 1248 asseruntur,
1066 1167 1172 1256 paslrm
1189 1168 1308 1233 trabla-

275 1273 350 1318 rnua
372 1245 495 1320 onllree.
575 1255 623 1320 uis
643 1255 730 1319 enim
753 1277 817 1319 non
839 1255 885 1319 de.
900 1255 995 1343 justo,
1019 1275 1124 1341 aequo,
1144 1273 1186 1317 ac
1208 1254 1310 1331 bono,

275 1337 376 1403 modo
390 1351 478 1404 non*
493 1351 527 1406 et
540 1340 589 1404 vir
602 1341 749 1428 pesfimus
763 1340 928 1427 loquitur?
952 1339 1024 1426 quie
1046 1361 1110 1402 non
1126 1328 1223 1402 etiam
1239 1338 1309 1402 rus·

271 1423 414 1489 tieorum
429 1423 538 1513 aliqua
550 1425 591 1491 de
605 1427 716 1490 causlre
730 1425 926 1490 naturalibus
940 1423 1077 1512 quaenit?
1102 1445 1177 1488 nam
1192 1422 1310 1488 verbo·

274 1531 349 1574 rum
363 1511 537 1596 proprietas
551 1533 588 1576 ac
603 1509 792 1590 differentia,
806 1509 970 1588 omnibus,
984 1509 1043 1598 qui
1057 1510 1232 1574 sermonem
1249 1530 1310 1574 cu·

274 1615 321 1659 rae
335 1596 467 1675 habent,
484 1596 583 1661 debet
600 1595 660 1660 esse
675 1596 868 1661 communia.
910 1595 975 1662 Sed
996 1615 1035 1659 ea
1048 1609 1082 1659 et
1095 1595 1172 1660 sciet
1185 1593 1310 1680 optime
1324 1610 1365 1678 17

272 1692 311 1744 et
329 1680 499 1767 eloquetur
511 1693 525 1722 ¹
547 1694 674 1745 orator:
697 1681 795 1768 quisi
819 1679 924 1746 suisset
942 1679 1115 1766 aliquando
1133 1679 1309 1766 persebtus,

274 1785 341 1829 non
355 1787 375 1829 a
387 1765 649 1854 philosophorum
664 1765 781 1830 scholia
794 1765 921 1830 virtutis
936 1779 1095 1852 precepta
1103 1775 1308 1852 peterentur:

274 1871 362 1915 nunc
377 1849 496 1916 necesse
518 1853 562 1915 est
584 1851 624 1915 ad
643 1873 698 1915 eos
720 1851 891 1938 aliquando
905 1850 1050 1916 nudiores
1064 1869 1236 1928 recurrere,
1251 1849 1311 1936 qui

274 1935 440 2016 desertam,
456 1947 494 2000 ut
508 1936 586 2017 dixi,
598 1949 719 2024 partem
734 1937 879 2002 oratoriae
893 1936 982 2016 artie,
994 1935 1160 2000 meliorem
1175 1934 1310 2020 praeser-

273 2020 349 2100 tim,
364 2031 612 2108 occupaberunt,
634 2034 669 2086 et
690 2021 789 2088 veluti
812 2023 953 2086 nostrum
975 2019 1154 2108 reposuerat
1181 2041 1247 2084 non
1271 2034 1312 2084 ut

274 2127 336 2170 nos
357 2105 487 2171 illorum
508 2119 639 2172 utamur
657 2106 876 2186 inventiased
890 2119 928 2170 ut
941 2105 1014 2172 illos
1034 2105 1147 2170 alienis
1161 2103 1234 2169 usoe
1248 2105 1311 2170 esse

272 2189 461 2258 doceamur.
506 2192 557 2256 sit
569 2192 670 2280 igitur
682 2205 790 2256 orator
804 2193 851 2257 vir
871 2191 956 2272 talis,
971 2191 1076 2278 qualia
1096 2211 1169 2255 vere
1186 2188 1310 2276 sapiens
1325 2189 1363 2253 18

270 2275 423 2361 appellari
447 2277 557 2363 possit:
592 2299 653 2342 neo
673 2277 815 2344 moribus
837 2276 937 2343 modo
965 2275 1137 2364 persedue,
1164 2279 1253 2357 (nam
1274 2275 1312 2342 id

270 2381 349 2426 mea
362 2360 493 2448 quidem
508 2362 670 2449 opinione,
678 2383 874 2450 quamquam
889 2362 949 2426 tint
963 2359 1019 2448 qui
1033 2359 1225 2440 dissentiant,
1234 2361 1312 2427 satis

273 2468 340 2512 non
365 2447 420 2530 est)
448 2446 502 2511 sed
527 2447 625 2512 etiam
648 2445 789 2527 scientia,
806 2460 840 2512 et
861 2445 953 2512 omni
978 2445 1130 2511 facultate
1152 2444 1308 2512 dicendi:

271 2531 378 2616 qualis
400 2531 507 2596 adhue
530 2531 655 2596 fortasse
673 2555 770 2597 nemo
788 2531 897 2598 suerit.
941 2531 1005 2596 Sed
1026 2553 1091 2595 non
1112 2529 1364 2616 ideominus19

269 2616 371 2682 nobie
391 2617 432 2681 ad
454 2617 578 2682 summa
599 2616 797 2682 tendendum
816 2618 870 2697 esl,
885 2616 974 2704 quod
995 2615 1142 2681 lecerunt
1165 2615 1311 2704 plerique

260 2713 432 2782 ueterum,
445 2703 501 2790 qui
516 2703 570 2788 etsi
585 2695 730 2766 nondum
745 2701 940 2789 quemquam
956 2701 1126 2788 sapientem
1146 2715 1310 2788 repertum
1426 2693 1427 2746 l

271 2788 442 2872 putabant,
471 2799 630 2874 praecepta
653 2798 761 2851 tamen
784 2787 946 2875 sapientie
967 2785 1178 2852 tradiderunt.
1222 2787 1310 2853 Nam
1322 2804 1362 2855 20

273 2873 320 2936 est
340 2885 427 2938 certe
451 2873 574 2960 aliquid
597 2871 815 2937 oonsmnmata
835 2871 1030 2972 eloqueqtia,
1045 2893 1065 2934 n
1108 2893 1150 2936 ue
1172 2871 1213 2936 ad
1236 2894 1311 2938 eam

273 2958 440 3042 pervenire
453 2972 567 3023 natura
586 2957 720 3022 humani
739 2957 862 3044 ingenii
882 2956 1046 3045 prohibet.
1147 2957 1190 3022 od
1205 2957 1226 3020 si
1242 2979 1311 3024 non

269 3043 457 3131 contingat,
477 3043 573 3109 altius
597 3055 706 3108 tamen
730 3043 838 3124 ibunt,
861 3043 920 3130 qui
944 3042 986 3108 ad
1008 3042 1132 3110 summa
1152 3041 1311 3125 nitentur,

268 3235 272 3246 ’
354 3245 499 3296 Ἠεεοὼ
553 3245 622 3304 ‘rra
634 3245 667 3298 G.
732 3251 847 3295 ”nonne
858 3244 893 3294 vir
904 3259 928 3316 p.
941 3243 974 3298 G.
1035 3241 1234 3310 ‘loquetura'

267 3417 374 3514 pientia
393 3441 434 3496 hic
455 3452 573 3503 nontam
591 3439 622 3494 ad
641 3441 768 3514 publicam
806 3419 889 3496 ¹tebat
906 3459 1005 3513 praee,
1017 3420 1195 3512 quamdamu's
1211 3451 1241 3494 ut
1253 3443 1310 3498 vnl-

276 3513 382 3594 docendi
401 3513 659 3594 provinciamqquam
680 3513 711 3564 ad
729 3515 769 3565 in·
817 3514 949 3594 gatiorem,
972 3523 997 3564 et
1025 3511 1093 3594 quasi
1119 3509 1263 3592 posseslipnis
1286 3515 1310 3565 se

269 3581 392 3634 «stitutum
410 3594 470 3636 vuae
490 3580 584 3642 referri,
605 3592 705 3652 propter
723 3581 770 3635 ho·
817 3581 1022 3642 titulotuentem‚
1034 3580 1165 3650 illaquam
1177 3582 1309 3634 Grbsonua

276 3652 391 3705 diernum
410 3652 479 3708 vocis
497 3652 570 3704 usum
588 3651 770 3709 admonendum
817 3652 938 3722 probabat
947 3651 1101 3730 quarundam
1109 3649 1245 3703 editionum
1257 3652 1309 3704 lec·
1414 3679 1415 3684 =

276 3721 321 3774 est.
817 3721 864 3782 tio,
877 3720 940 3791 Qasr
954 3737 1020 3772 emm
1034 3720 1101 3782 modo
1117 3719 1147 3770 de
1157 3719 1189 3787 ju
1208 3738 1230 3782 o,
1241 3739 1308 3790 equo

317 3791 561 3862 15.praetendebant]
573 3793 610 3843 Ut
618 3789 769 3862 velum,quo
816 3800 842 3842 et
852 3789 910 3843 bono
919 3807 966 3842 non
976 3799 1001 3841 et
1010 3787 1058 3850 vir
1064 3788 1172 3858 peffirnus
1215 3789 1307 3852 uitur?

277 3861 371 3924 minus,
393 3880 469 3930 quarn
493 3863 558 3913 intra
583 3873 668 3930 turpes
687 3861 769 3923 esseut,
817 3861 898 3914 Nemo
909 3860 982 3912 hodie
995 3860 1031 3911 ita
1046 3859 1172 3928 perversus
1188 3860 1231 3920 est,
1243 3863 1307 3928 quin

277 3932 443 3984 noscerentur.
480 3931 548 3983 Bene
565 3931 605 3982 hic
622 3931 769 3982 adnotatum
816 3927 1161 4010 loqueturuonnunquamlde
1174 3929 1238 3994 justo
1254 3929 1306 4010 dcc.

277 3999 769 4131 taulanti
816 3997 1307 4139 terrueruut?aaut

278 4140 384 4200 Fabius,
406 4139 437 4190 de
461 4140 586 4203 ejiciendis
608 4141 669 4194 urbe
691 4151 768 4210 atque
816 4139 865 4201 aar,
876 4137 1027 4197 διαλιπών»
1037 4135 1173 4188 attendenti
1183 4147 1297 4203 apparet.

278 4207 355 4264 Italia
366 4207 528 4279 philosophie.
853 4224 896 4270 17·
908 4204 1029 4258 meliorem
1034 4203 1182 4278 prasertim]
1195 4206 1259 4275 Qrae
1267 4207 1307 4260 vi-

317 4280 362 4348 3⁶·
378 4276 441 4352 Qis
456 4277 521 4346 enim
536 4279 596 4346 nan]
614 4275 696 4334 Nobis
713 4275 768 4350 pla·
815 4285 868 4340 tam
878 4274 1009 4359 prudentia
1018 4286 1045 4340 et
1053 4275 1175 4341 honestate
1186 4274 1297 4340 insuerit,
