3022 4920
431 378 599 440 INSTIT.
621 378 826 444 ORATOR-
847 378 931 470 LIB.
952 379 977 436 1.
996 397 1042 438 ro.
1206 378 1248 460 69

216 535 350 618 altemm
376 544 481 608 cariore
506 565 543 608 ac
567 540 650 608 sonis
675 543 804 609 constat.
845 543 938 606 Num
963 540 974 606 i
999 541 1064 608 itur
1088 561 1151 614 non
1176 540 1250 618 haec

217 627 326 693 omnia
340 629 455 693 oratori
472 625 664 694 necessaria?
689 651 826 715 quorum
842 649 941 692 unum
958 565 999 691 ah
1012 627 1149 716 gestum,
1166 626 1246 692 alte-

216 732 286 774 rum
302 712 343 776 ad
358 713 601 794 collocationem
617 715 798 793 verborum,
814 712 942 783 tertium
963 711 1003 776 ad
1024 713 1130 778 flexus,
1145 711 1245 795 vocis,

156 805 199 874 23
216 795 272 884 qui
287 798 359 864 sunt
374 799 405 862 in
421 799 545 888 agendo
560 822 690 888 quoquc
703 795 832 896 plurimi
843 810 870 877 ⁸,
886 798 1035 884 pertinet.
1064 796 1132 864 Nilr
1147 796 1247 862 fortc²

215 879 249 944 in
275 883 470 949 carminibus
494 897 619 950 tantum
641 898 680 948 'et
706 907 738 948 m
765 883 898 948 canticis
926 883 1068 969 exigitur
1094 883 1248 947 structura

214 968 362 1052 quaedam
377 983 411 1034 et
425 969 575 1036 inoffensa
586 966 747 1057 copulatio
761 991 890 1050 vocum,
905 967 938 1032 in
957 968 1085 1058 agendo
1098 967 1245 1054 superva-

215 1071 277 1116 cua
290 1055 354 1118 est:
378 1069 512 1122 autnon
530 1049 716 1144 compofitio
732 1067 765 1120 et
783 1054 877 1119 sonus
896 1052 929 1117 in
951 1053 1095 1118 oratione
1116 1074 1247 1140 quoquc
1309 1125 1313 1131 ,

157 1144 203 1212 24
216 1137 310 1218 varie,
325 1161 382 1226 pro
396 1163 501 1208 rerum
515 1139 624 1223 modo,
640 1139 822 1220 adhibetur,
837 1138 915 1206 ficut
930 1139 963 1204 in
977 1139 1104 1203 mufice.
1139 1139 1242 1203 Nam.

215 1244 278 1308 que
292 1227 345 1289 etb
357 1249 435 1290 voce
448 1240 479 1291 ct
491 1219 712 1312 modulatione
726 1224 861 1312 grandia
875 1225 972 1310 ¹elate,
979 1223 1124 1311 jucunda
1140 1223 1245 1294 dulci·

214 1320 274 1388 ter,
298 1309 462 1384 moderata
483 1311 598 1378 leniter
621 1311 717 1390 canit,
740 1325 873 1399 totaque
897 1315 972 1374 arte'
989 1307 1146 1377 consentit
1170 1330 1246 1374 curn

159 1399 338 1474 25eoru1n,
354 1419 426 1481 quae
441 1397 601 1480 dicuntur,
614 1395 780 1462 affectibus
790 1405 814 1459 ⁰.
858 1393 961 1480 Atqui
977 1395 1009 1460 in
1025 1393 1145 1458 orando
1161 1415 1244 1482 quo·

214 1499 279 1627 quc
302 1480 440 1545 intentio
467 1482 565 1561 vocis,
586 1480 733 1558 remissio,
753 1482 865 1560 flexus,
888 1479 1027 1566 pertinet
1049 1479 1092 1544 ad
1111 1500 1245 1542 moven-

237 1585 273 1628 os
288 1564 485 1631 audientium
499 1567 650 1646 affectus:
674 1566 736 1652 alia
759 1565 825 1631 ued
843 1578 876 1629 et
890 1563 1110 1651 collocationis
1133 1577 1167 1638 et
1187 1587 1282 1631 voa..¹

213 1647 259 1712 cis
277 1654 327 1732 (nt
341 1650 454 1716 eodem
470 1666 540 1730 utar
554 1651 664 1734 verbo)
682 1591 901 1716 moiulatione
923 1649 1170 1719 concitationem
1186 1649 1244 1736 ju-

212 1731 334 1815 dicum,
349 1737 412 1800 alia
438 1737 682 1818 misericordiam
704 1739 864 1826 petimus:
888 1758 961 1802 cum
985 1736 1082 1803 etiam
1104 1758 1139 1799 or
1152 1723 1244 1815 ⁰anis,

236 1820 331 1884 uibus
346 1821 447 1886 sermo
462 1809 596 1910 expiimi
611 1815 680 1886 rion'
714 1823 802 1904 otest,
818 1819 900 1888 affici
916 1822 1061 1885 animose
1082 1821 1115 1885 in
1136 1759 1243 1885 iiver-

153 1899 201 1970 26
213 1841 279 1968 ium
294 1905 441 1982 habiturn
456 1909 639 1973 sentiamus.
684 1847 833 1994 gorporis
855 1926 985 1994 quoque
1007 1907 1124 1971 decens
1139 1915 1173 1970 et
1186 1927 1243 1992 ap-

212 1999 265 2052 tus
290 2005 397 2056 motus
412 1993 433 2071 f,
461 1993 515 2081 qui
538 1993 655 2064 dicitur
675 1985 848 2078 eipvhphss,
875 1992 918 2056 est
943 1991 1150 2056 neceffarius:
1183 2013 1244 2056 nec

212 2073 341 2141 aliunde
355 2077 420 2164 peti
435 2079 546 2164 potest,
562 2067 595 2143 in
616 2101 681 2166 quo
695 2098 765 2166 pars
778 2075 914 2142 actionis
929 2075 993 2140 n'on
1015 2077 1149 2162 minima
1163 2098 1243 2140 con-

156 2166 198 2238 ²7
213 2159 302 2224 listit:
327 2185 391 2250 qua
405 2163 446 2228 dc
460 2187 494 2228 re
508 2165 680 2265 ,scposrtush
695 2161 787 2246 nobis
803 2163 846 2251 est
859 2162 960 2227 locus.
992 2163 1023 2226 A
1049 2165 1096 2242 c‚¹
1111 2161 1131 2226 fi
1145 2161 1244 2226 hahe-

203 2243 262 2310 'bit
276 2245 309 2309 in
324 2245 435 2334 primia
450 2271 558 2331 curam
579 2248 665 2332 vocis
684 2260 801 2326 orator,
816 2247 896 2335 quid
917 2248 985 2316 tam
1006 2185 1145 2313 hiufices
1166 2271 1242 2336 pro-

211 2329 338 2416 prium?
355 2331 438 2398 'Sed
466 2325 506 2398 rie
529 2335 600 2403 haec
624 2335 755 2424 quidem
778 2332 997 2420 praesumenda
1019 2355 1089 2420 pars
1109 2331 1173 2397 est:
1205 2345 1243 2422 ut

211 2437 277 2497 uno
300 2417 428 2496 interim
445 2415 590 2486 contenti
612 2420 707 2502 sunus
726 2415 873 2508 exemplo
897 2417 938 2483 C.
961 2418 1113 2500 Gracchi,
1127 2420 1240 2505 praeci-

242 2607 257 2636 Ξ
273 2602 408 2664 plurimum
419 2606 450 2654 G.
516 2603 640 2654 'forfitan
650 2607 682 2654 G.
755 2602 809 2652 bet
820 2621 861 2651 om.
873 2603 902 2650 G.
917 2603 976 2662 bene,
992 2611 1056 2666 puto.
1121 2604 1242 2652 ‘effecti-

210 2665 256 2712 bus
272 2667 304 2716 G.
315 2659 373 2734 quo'd
382 2669 564 2734 corfiderandum,
572 2669 668 2735 fferre·
675 2671 771 2733 ἐνέργειαν
779 2667 865 2730 ſsgmt,
878 2687 922 2734 quc
932 2685 965 2716 m
976 2668 1031 2731 effici
1042 2677 1144 2714 eteorum
1155 2671 1194 2730 agi
1204 2671 1243 2715 vi-

210 2730 282 2779 detur.
348 2733 425 2781 dulia
435 2751 531 2796 quoque
543 2738 574 2784 G.
648 2737 789 2784 ‘animum
801 2735 832 2781 G.
897 2731 1011 2781 ‘modus
1020 2733 1051 2780 G.
1062 2751 1103 2780 non
1113 2735 1178 2781 male.
1190 2736 1241 2782 vid.

201 2795 279 2906 [ΞΖ.
328 2861 334 2873 .
376 2800 481 2862 cetius.
494 2801 525 2848 G.
610 2800 731 2864 ¹¹posrtus
742 2803 773 2851 G.
855 2795 994 2859 ¹Agcdnm
1006 2809 1056 2845 non
1067 2799 1124 2846 hab.
1143 2799 1173 2846 G.
1185 2801 1243 2866 quod

209 2875 240 2908 ve
255 2873 366 2910 ementem.
454 2889 457 2894 ·
644 2871 648 2876 “

209 2986 270 3066 atico
281 2989 519 3070 Arilloueuqquod
536 2991 642 3042 dubium
663 2989 701 3043 sa·
749 2999 831 3072 μέλος.
860 2998 906 3050 Sed
918 2999 1060 3071 rhythmum
1074 2999 1101 3052 in
1112 3001 1165 3052 duo
1175 3001 1240 3056 idem

209 3070 279 3108 crunt
302 3060 416 3126 qutdam‚
435 3072 463 3112 ut
486 3062 605 3122 vidimus,
623 3060 700 3126 libri;
749 3075 840 3128 divifit.
859 3071 1013 3124 Exoriunmr
1024 3069 1104 3150 igitur
1115 3069 1168 3123 haec
1180 3075 1237 3124 tria.

210 3125 241 3176 ad
255 3140 389 3208 utrumque
406 3128 560 3187 referendum
571 3131 681 3200 putarim
692 3152 698 3182 r
749 3143 837 3198 primo
848 3139 942 3192 numeri
953 3149 1067 3210 corporis,
1079 3141 1164 3210 quales
1185 3144 1240 3194 lunt

210 3205 262 3246 tatu
273 3215 337 3248 emm
349 3197 472 3268 rhythmus
484 3218 560 3321 quam
575 3199 701 3252 melosha·
746 3215 883 3285 palestria,
917 3208 1102 3290 saltatoriique,
1135 3210 1240 3265 secundo

210 3265 269 3316 bent
280 3277 372 3319 metron
382 3269 463 3331 suum,
475 3269 492 3320 i<
509 3271 541 3322 est
552 3271 700 3334 mensuram,
749 3284 846 3336 numeri
860 3297 960 3341 «vocum,
980 3290 1053 3330 tertio
1076 3278 1162 3332 melos.-
1195 3280 1240 3334 ho»
1322 3289 1324 3294 “

211 3348 285 3416 atque
305 3336 364 3389 fines
384 3339 450 3390 intra
470 3357 532 3407 quos
555 3341 699 3419 decurrunt.
749 3369 805 3404 mm
816 3355 892 3433 Primi
905 3351 936 3401 ad
949 3347 1050 3420 gestum,
1062 3348 1132 3402 alteri
1150 3351 1239 3404 adeat.

211 3403 279 3455 Hrnc
291 3415 339 3456 tres
351 3421 432 3476 partes
450 3409 546 3461 musrcae
565 3410 591 3460 in
609 3407 700 3478 Alypri
747 3421 888 3476 mmmm
910 3417 1055 3482 verborum,
1074 3421 1119 3488 qui
1140 3423 1240 3490 proprie

211 3483 315 3553 Isagoge
326 3505 365 3556 pr.
378 3476 502 3558 ᾰςμονικῆ,
520 3477 636 3559 p‘vllpmi,
654 3507 700 3554 tu·
748 3509 861 3546 numerus
877 3487 999 3543 oratorius
1010 3501 1125 3550 vocatur,
1137 3491 1239 3542 tertium

207 3559 285 3638 cecati.
314 3565 392 3618 Porro
402 3567 525 3639 rhythmus
541 3568 701 3621 modulatione
748 3561 778 3612 ad
790 3562 874 3632 flexus
890 3557 961 3611 ‘vvsis
975 3558 1049 3640 ΜΟ
1066 3557 1147 3639 elme,
1164 3560 1239 3610 m⁰d0

209 3637 311 3698 constat,
335 3637 361 3687 h.
392 3657 415 3690 e.
441 3649 500 3708 apta
529 3639 700 3690 distributione
747 3630 878 3692 submissae,
907 3628 1035 3690 lnt‘fflsaes
1063 3629 1239 3681 Cfffflffllduflss

207 3705 320 3759 brevium
333 3718 356 3757 ct
368 3705 498 3777 longorum
510 3708 623 3759 sonorum
637 3711 699 3776 (φησι
748 3702 797 3752 &00
809 3702 923 3772 ptsslssel·

206 3775 252 3827 dus
274 3779 340 3828 enim
368 3779 517 3844 quantitatis
540 3795 628 3829 nomen
656 3777 699 3839 est,
785 3783 828 3832 26.
843 3777 1155 3901 sepcfitusnobisestloms]
1175 3780 1237 3835 Lib.

207 3846 260 3897 vid.
275 3845 339 3898 infra
352 3843 370 3896 s.
386 3863 427 3909 32.
442 3847 500 3899 licet
512 3863 699 3916 nonnumquam
750 3867 792 3913 rr,
807 3869 830 3914 3.
849 3868 866 3899 u
887 3849 981 3901 ietiam
992 3849 1023 3899 de
1034 3865 1094 3899 cura
1105 3851 1185 3901 vocis.

205 3925 280 3976 etiarn
294 3926 324 3976 ad
336 3915 409 3991 με’λος
421 3923 568 3996 reseratum)
578 3929 603 3980 in
610 3946 699 3982 canore
784 3953 827 3998 27.
847 3933 876 3984 C.
896 3929 1016 3996 Gracchi]
1039 3929 1139 3983 Nobilis
1156 3933 1239 3984 Grac.

205 4005 230 4044 et
245 3995 312 4064 sonis
337 3997 418 4046 acutis
440 3999 617 4068 gravibusque,
640 4009 699 4070 apte
746 4001 785 4054 chi
801 4001 885 4074 fistula
909 4000 1037 4052 Ciceronis
1060 4015 1237 4054 commemora·

205 4064 335 4132 permistis,
349 4064 420 4116 melos
431 4065 498 4138 inest.
561 4081 563 4086 ·
746 4073 815 4124 tione
830 4073 861 4122 dc
887 4071 960 4122 Orat.
982 4088 1007 4136 ς,
1026 4071 1059 4120 60
1077 4080 1100 4120 ct
1118 4075 1162 4124 61.
1181 4083 1237 4124 turn

243 4150 285 4183 22.
305 4131 354 4184 hec
372 4133 467 4198 omnia]
487 4137 629 4207 Qaenam?
647 4137 698 4190 duo
746 4141 876 4194 Plutarchi
888 4141 915 4192 in
931 4139 1049 4192 Graccho
1060 4157 1087 4208 p.
1108 4143 1236 4206 1513.l·l.

205 4213 272 4270 onim
291 4224 390 4266 tantum
407 4213 554 4288 nominavit,
571 4207 661 4291 ῥυθμὸν
674 4229 699 4272 ct
749 4219 835 4290 steph.
853 4231 878 4271 et
895 4211 948 4292 capi
963 4207 1095 4294 οἷοργησῖας
1113 4240 1140 4298 p.
1165 4225 1235 4287 8312

799 4307 868 4394 Ἐξ,1
