3022 4920
240 379 298 442 :0⁶
496 379 542 440 M.
564 379 688 440 FABII
710 377 1073 439 oU1NcT1L1AN1·

235 542 314 608 toris
334 544 427 608 sunus
450 543 580 631 aggressi
592 544 612 623 ¹,
629 543 717 610 nulla
730 541 885 625 dicendi²¹¹
905 541 1008 607 virtus
1021 537 1201 606 omittenda
1213 539 1267 606 cll.

235 631 322 694 Nam
348 629 425 694 licet
447 630 483 693 fit
496 629 636 715 aliquam
658 630 690 694 in
705 644 829 716 partem
848 627 976 714 pronior
986 637 1011 706 ¹¹,
1027 639 1064 690 ut
1078 626 1199 690 necesse
1212 628 1268 704 cst,
1284 641 1323 714 13

236 715 350 780 ceteris
366 727 474 780 tamen
490 738 554 778 non
573 716 777 802 repugnabit,
793 727 889 800 atque
902 735 940 777 ea
954 725 1052 776 cura⁰
1066 712 1154 798 paria
1173 711 1272 776 saciet

236 799 287 878 iis,
304 800 336 864 in
353 800 469 884 quibus
487 801 667 867 eminebat:
686 801 770 864 sicut
791 801 845 864 ille
864 804 918 882 (ne
932 800 972 863 ab
986 797 1099 862 eodem
1123 797 1271 884 exemplo
1305 819 1307 827 ’

237 885 437 966 recedamus)
463 886 630 950 exercendi
653 908 784 971 corpora
811 885 944 971 peritus,
958 905 1022 947 non
1046 884 1065 947 sr
1086 881 1271 948 docendum

236 971 461 1058 pancratiasten
478 970 656 1058 susceperit,
668 993 780 1070 pugno
795 970 887 1034 scrire
902 970 951 1034 vel
965 968 1053 1032 calce
1067 980 1205 1048 tantum,
1215 981 1273 1034 aut

238 1078 338 1120 nexus
354 1055 463 1135 mod0,
479 1070 574 1142 atque
597 1057 629 1119 in
645 1057 696 1120 hrs
717 1071 819 1121 certos
834 1056 959 1142 aliquos
972 1054 1115 1132 docebit,
1131 1053 1184 1118 sed
1198 1075 1271 1120 otn-

238 1141 302 1217 nia,
319 1141 480 1227 quaesunt
495 1142 563 1230 ejus
578 1141 772 1206 certaminis.
805 1140 876 1204 Erit
892 1141 948 1226 qni
964 1163 1003 1204 ex
1018 1139 1069 1203 bis
1084 1139 1192 1226 aliqua
1206 1161 1272 1204 non

193 1287 196 1300 ,
237 1227 352 1376 pelliti
391 1227 429 1290 In
445 1227 477 1292 id
493 1226 631 1292 maxime
646 1228 734 1314 quod
748 1227 864 1312 poterit
878 1226 1056 1304 incumbet.
1100 1226 1187 1289 Nam
1200 1225 1273 1290 sunt
1288 1239 1329 1304 14

263 1333 309 1376 aec
323 1312 388 1376 duo
400 1312 529 1377 vitanda
542 1311 682 1400 prorsus:
706 1336 821 1391 unum,
835 1335 875 1376 ue
890 1324 994 1376 tentes
1007 1309 1096 1396 quod
1110 1310 1192 1374 effici
1208 1333 1273 1376 non

239 1398 349 1484 poffit:
385 1398 532 1477 alterum,
562 1420 603 1462 ne
628 1400 669 1462 ab
695 1421 747 1476 co,
772 1399 860 1485 quod
906 1398 957 1462 uis
981 1395 1102 1483 optime
1124 1395 1214 1477 facit,
1237 1397 1273 1462 in

169 1491 174 1498 '
240 1481 341 1560 aliud,
357 1483 408 1548 cui
431 1483 537 1548 minus
552 1484 595 1547 est
616 1484 764 1562 idoneus,
780 1500 865 1548 trans
880 1505 960 1547 eras.
1002 1483 1050 1546 At
1065 1482 1085 1546 li
1100 1479 1197 1546 suerit
1217 1482 1276 1568 qui

240 1569 421 1646 docebitur,
444 1569 510 1647 ille,
526 1591 622 1656 quern
638 1569 854 1634 adolescentes
874 1568 978 1633 senem
1002 1567 1153 1646 vidimus,
1168 1567 1273 1632 Nico-

240 1655 364 1731 stratus,
382 1655 533 1720 omnibus
548 1656 581 1718 in
604 1677 643 1718 eo
659 1654 797 1718 docendi
818 1654 961 1740 partibus
982 1651 1125 1718 similiter
1145 1665 1253 1718 utetur
1264 1656 1279 1718 ε’

241 1740 422 1826 efficietque
445 1740 551 1819 illum,
574 1739 677 1827 qualis
699 1739 752 1804 bie
773 1739 847 1817 suit,
868 1737 1020 1804 luciando
1039 1737 1278 1826 pugnandoque

245 1831 419 1912 (quorumt>
440 1839 576 1912 utroque
600 1826 774 1890 certamine
788 1826 899 1888 iisdem
922 1823 1036 1888 diebus
1050 1826 1273 1905 coronabatur)

241 1909 409 1976 invislum.
455 1913 499 1974 Et
520 1925 642 2010 quanto
664 1911 698 1974 id
723 1911 827 1997 magis
848 1909 980 1974 oratoris
1006 1907 1106 1974 futuri
1128 1909 1276 1996 magistro
1292 1917 1332 1991 15

243 1995 473 2083 providendum
490 1999 573 2060 ent?
619 1998 695 2060 Non
717 1997 804 2060 enim
820 1995 892 2060 satis
906 1996 949 2060 est
965 1993 1071 2058 dicere
1091 1993 1189 2079 presse
1203 2007 1275 2058 tan-

196 2092 201 2102 '
242 2095 328 2160 tum,
343 2095 399 2145 ant
413 2081 583 2160 subtiliter,
600 2095 656 2146 aut
666 2081 794 2167 aspere:
817 2103 881 2146 non
895 2102 948 2144 ma
972 2080 1010 2159 is,
1026 2101 1123 2166 quam
1138 2079 1276 2165 phonas-

243 2189 283 2232 co
299 2167 402 2232 acutis
416 2179 555 2245 tantum,
571 2181 627 2230 aut
641 2166 766 2245 mediiis,
783 2180 840 2231 aut
861 2103 1011 2252 gravibus
1026 2164 1122 2242 l'onis,
1138 2177 1194 2229 aut
1214 2163 1277 2228 ho-

243 2275 317 2318 rum
340 2251 439 2316 etiam
456 2252 619 2338 particulis
641 2251 806 2318 excellere.
851 2251 936 2314 Nam
956 2270 1070 2313 srcur
1086 2248 1218 2328 cithara,
1232 2249 1279 2314 ita

243 2338 346 2401 oratio
361 2336 499 2424 perfesla
521 2360 586 2402 non
601 2339 654 2415 est,
670 2337 725 2402 nifi
750 2339 790 2402 ab
805 2337 873 2400 imo
887 2337 928 2400 ad
942 2333 1102 2400 summum
1125 2334 1281 2401 omnibus

244 2423 369 2487 intenta
384 2424 487 2486 nervis
503 2421 690 2486 consentiat.

288 2510 349 2572 IX.
370 2509 441 2592 (X.)
465 2508 557 2571 Plura
571 2505 612 2571 de
627 2508 739 2572 officiis
751 2506 938 2573 docentium
953 2503 1094 2585 locutus,
1109 2500 1283 2604 discipulos

244 2591 279 2662 id
296 2617 397 2658 unum
412 2594 541 2660 interim
557 2616 689 2658 moneo:
713 2609 751 2660 ut
767 2605 975 2693 praeceptores
991 2592 1062 2657 suos
1078 2613 1143 2657 non
1157 2612 1279 2671 minus,

279 2795 286 2826 ¹
305 2795 398 2844 accensi
414 2795 456 2844 vel
467 2795 560 2857 ingreffi
571 2795 626 2858 crissi
643 2795 750 2844 Francis:
767 2795 848 2846 arrecti
866 2794 922 2856 conj.
934 2795 1013 2841 Bam.
1094 2801 1117 2830 ω
1132 2789 1237 2841 discendi
1248 2789 1281 2840 G.

246 2861 328 2910 lens..
378 2863 499 2924 ”pravior
510 2863 555 2930 G..
607 2862 620 2889 ⁰
637 2876 722 2912 curam
734 2863 764 2910 G.
829 2859 1032 2922 teissim-quo.

248 3067 333 3108 arcent
347 3055 395 3108 viri
412 3055 479 3108 dosii
496 3049 647 3106 audaculam
663 3057 741 3108 Lam·
791 3055 856 3106 ciani
868 3073 894 3124 p.
908 3057 951 3118 83.
972 3051 1052 3118 sepire
1070 3049 1092 3097 tt
1107 3047 1239 3108 κατὰλόγον
1255 3047 1296 3126 ὣςι

249 3127 303 3178 bini
321 3143 434 3188 manum,
452 3141 508 3196 qua*
520 3136 637 3178 naturam
655 3127 741 3182 substi-
790 3127 862 3186 lippa
873 3127 962 3185 σφίγγε.
993 3119 1065 3171 Add.
1080 3116 1169 3168 Burm.
1183 3115 1215 3166 ad
1226 3111 1282 3164 uos·

250 3207 332 3248 tutum
345 3195 408 3246 ibat.
738 3201 740 3206 '
791 3203 858 3243 trum
872 3211 955 3254 2,12.
974 3191 1071 3259 p.168.

294 3285 334 3330 13.
353 3267 444 3332 nexus]
472 3262 604 3334 Proprium
643 3264 742 3317 alteslrae
828 3257 1052 3333 14.Nirrstratus]
1077 3255 1122 3337 'De
1145 3253 1191 3306 hoc
1214 3248 1282 3333 ride,

249 3336 363 3387 verbum.
412 3338 468 3387 Sen.
492 3335 523 3385 ‹le
551 3285 641 3386 benell³
663 3355 689 3399 7,
716 3353 739 3385 1.
791 3331 859 3402 quod
888 3331 1047 3381 Burmannus
1073 3342 1126 3391 jam
1154 3332 1283 3397 praecepit,

251 3406 362 3473 Magnus
378 3403 485 3458 lurranr
495 3405 535 3474 est,
547 3423 593 3455 non
604 3405 647 3476 qni
662 3419 741 3455 omnes
792 3399 948 3452 Salmasranas
957 3396 1136 3450 observationes
1145 3394 1176 3445 ad
1186 3393 1282 3472 Chron.

251 3483 363 3526 numeros
390 3477 510 3545 nexusque
531 3474 662 3544 perdidicit
691 3475 739 3524 διο.
790 3471 894 3522 Hieron.
915 3469 941 3520 in
957 3465 1162 3522 Schurtzsleischii
1178 3463 1289 3530 junioris*

252 3543 314 3596 Tali
326 3561 392 3595 nexu
411 3548 442 3596 ab
461 3543 570 3594 Hercule
587 3543 645 3613 elisa
657 3541 743 3595 Leonis
791 3541 880 3593 notitia
892 3539 961 3592 Bibl.
974 3540 1060 3588 Vinar.
1075 3554 1100 3605 p.
1116 3538 1159 3599 67.
1173 3531 1210 3602 sq.
1258 3563 1260 3568 ·

253 3615 309 3665 Ora
327 3613 427 3666 Cleonaei
445 3615 509 3682 apud
529 3613 573 3668 Sil.
593 3634 616 3677 3,
637 3631 678 3678 33.
698 3613 743 3664 ubi
830 3627 872 3671 ¹4·
891 3609 1004 3660 lucrando
1011 3603 1199 3678 pugnandoque]
1225 3613 1284 3662 nay-

252 3683 305 3734 vid.
319 3683 449 3735 Dr·nkenb'.
488 3684 556 3735 Idem
568 3684 600 3734 est
612 3685 686 3736 nodus
703 3681 744 3732 ille
792 3681 1048 3744 superluminarium
1066 3675 1177 3744 loquitur
1193 3669 1282 3724 Pausa.

252 3752 395 3814 Herculeus,
408 3771 459 3822 quo
471 3753 535 3803 idem
547 3753 667 3804 Hercules
679 3751 744 3820 apud
793 3749 836 3800 El'.
858 3767 882 3798 1.
908 3765 935 3816 p.
957 3763 1015 3808 170,
1043 3763 1082 3796 ro.
1100 3743 1139 3796 ed.
1164 3738 1281 3794 Wecheb

253 3823 391 3892 Virgilium
403 3827 469 3876 AEn.
481 3827 506 3881 8,
518 3841 532 3871 2
537 3840 578 3888 59.
593 3824 681 3872 Canem
693 3837 744 3872 err·
795 3818 870 3873 Oucd
883 3815 1109 3891 sequitur,qunrupt
1120 3822 1219 3885 utroque
1230 3827 1284 3862 cm

252 3889 313 3960 ripir
335 3891 362 3943 in
388 3893 475 3945 nodum
500 3891 644 3959 cmnplexus.
683 3891 744 3945 Vid.
766 3897 768 3902 '
794 3882 1284 3955 tamine,s'ateor,posselortecosbpbg‹

253 3961 344 4018 Cerda.
382 3963 431 4013 Res
450 3979 464 4012 a
483 3961 591 4023 Graecis,
611 3961 654 4029 qui
674 3963 746 4024 ἓμμι
794 3978 865 4020 paros
881 3955 1022 4007 excusanda·
1041 3951 1116 4022 ellipli
1136 3951 1283 4018 excogitari.

234 4038 237 4050 '
252 4029 289 4081 ita
309 4031 420 4084 sumunt.
457 4035 491 4081 V.
512 4029 551 4080 G.
569 4031 681 4084 Theocr.
701 4047 744 4089 ae,
796 4027 842 4082 Sed
850 4026 982 4076 videbatur
994 4023 1057 4074 mihi
1066 4021 1180 4074 facilitati
1190 4032 1213 4071 et
1226 4037 1284 4072 can-

253 4102 297 4150 ⁶6.
322 4101 367 4152 ubi
384 4099 486 4162 ἅμματα
506 4099 609 4152 abstruse
627 4101 745 4168 interpres
794 4096 848 4146 dori
866 4096 977 4146 Fabiano
991 4094 1072 4164 magis
1090 4091 1217 4146 convenire
1229 4107 1284 4160 qur.

252 4170 337 4230 vertit,
356 4167 422 4240 quali
445 4169 517 4221 essent
534 4170 640 4232 ὄμματα.
680 4168 745 4219 Scite
794 4165 867 4222 Add.
882 4181 908 4229 a,
923 4183 964 4226 12,
978 4181 1004 4217 a.

251 4257 360 4313 nequam
372 4238 415 4294 illa
426 4238 542 4294 Palaestra
560 4241 585 4292 in
597 4240 679 4294 Lucio
690 4239 745 4298 Lus
