2870 4916
355 403 754 469 memorarer.
776 407 974 472 praemon.
1110 401 1112 410 ’
1158 407 1179 493 a

121 588 239 658 quam
268 565 328 659 qui
354 571 524 659 praesumta
553 563 768 660 desperatione
795 563 863 660 quo
890 573 992 638 velint
1012 571 1180 656 evadendi,

80 655 291 742 aproniane
305 657 391 724 eirea
404 659 471 724 ima
488 657 679 724 substiterint
690 671 716 723 Υ.
760 658 840 724 Quo
861 659 964 746 magia
984 657 1182 747 impetranda

127 741 197 806 erit
221 743 370 822 venia,sr
392 767 432 808 ne
456 743 579 808 minem
601 743 732 830 quidem
755 743 821 821 illa,
841 765 950 809 verum
973 747 1074 832 operi,
1093 747 1181 834 quod

124 826 352 908 instituimur,
367 827 545 909 necessaria,
560 829 742 916 praeteribo.
785 830 870 892 Nam
891 829 974 894 liber
992 831 1113 932 primup
1131 854 1182 912 ea,

126 933 213 998 qnae
239 914 316 979 sunt
340 927 415 978 aute
439 914 579 978 officium
610 905 758 993 rhetiiris,
784 914 976 983 continebit
1019 917 1345 1010 Secundofflfflwfl

172 997 248 1064 'ma
263 999 352 1099 apud
364 997 526 1064 rhetorem
541 999 710 1079 elementa,
725 1013 759 1064 et
779 1021 853 1086 que
868 999 908 1064 de
930 1000 994 1088 ipsa
1009 1001 1181 1068 rhetorieae
1297 1005 1300 1014 '

77 1099 118 1148 22
144 1083 317 1149 ubstantra
346 1097 546 1172 quaeruntur,
578 1085 678 1150 trasta
701 1084 795 1150 inrue.
839 1085 996 1185 Quinque
1029 1086 1182 1174 deinceps

130 1167 326 1235 inventioni
343 1174 431 1252 (uam
451 1182 488 1234 et
507 1169 608 1234 huie²
628 1168 785 1256 dispositio
803 1169 1023 1257 subjungitur)
1044 1185 1183 1258 quatuor

131 1254 325 1320 elocutioni
344 1255 390 1338 (in
406 1255 500 1342 cujus
513 1267 634 1340 partem
656 1254 812 1320 memoria
831 1275 868 1320 ae
889 1257 1106 1341 pronuntiatio
1124 1277 1181 1323 ve·-

133 1340 241 1404 niunt
288 1341 464 1406 dabuntur.
507 1341 610 1405 Unus⁴
632 1341 774 1420 accedet,
803 1339 837 1404 in
866 1361 933 1426 quo
958 1341 1051 1405 nobis
1078 1355 1184 1408 orator

133 1424 146 1488 i
172 1425 209 1490 se
222 1425 445 1496 informandus
459 1427 514 1505 est,
526 1440 566 1490 ut
579 1425 637 1512 qui
652 1447 758 1490 mores
770 1424 852 1512 ejus,
867 1447 940 1511 quae
959 1426 994 1490 in
1013 1425 1181 1514 suscipien-

160 1510 205 1590 's‚
218 1511 383 1576 discendis
392 1525 416 1590 ³,
431 1510 565 1598 agendis
578 1511 690 1576 eauffie
702 1511 797 1590 ratio,
812 1511 901 1597 quod
915 1510 1106 1597 eloquentiae
1118 1535 1181 1661 ἔε-

90 1641 93 1652 r
135 1617 216 1675 uua,
231 1598 309 1683 quia
329 1596 449 1684 agendi
470 1596 587 1662 debeat
606 1595 667 1660 esse
686 1597 769 1676 finis,
785 1617 858 1682 quae
871 1598 939 1682 post
959 1597 1054 1662 linem
1070 1599 1117 1662 stu
1140 1598 1181 1678 ia,

82 1691 122 1763 23
137 1697 304 1766 quantum
321 1683 424 1746 nostra
437 1682 557 1747 valebit
568 1681 748 1762 infirmitas,
763 1681 944 1746 disseramus
957 1684 983 1747 δ.
1003 1710 1005 1713 ’
1025 1682 1090 1748 His
1107 1705 1181 1748 om·

126 1767 241 1832 nibus
265 1766 503 1843 admiscebitur,
523 1779 561 1832 ut
580 1766 713 1852 quisque
736 1767 828 1832 locus
847 1767 1030 1860 postulabit,
1054 1768 1183 1838 dicendi

127 1853 239 1932 ratio,
256 1873 331 1938 quae
347 1875 410 1916 non
425 1872 537 1918 eornm
552 1852 652 1916 modo
665 1851 805 1932 seientia,
822 1853 940 1939 quibus
961 1853 1034 1917 solis
1050 1853 1183 1940 quidam

127 1958 266 2002 *nomen
281 1937 357 2002 artis
368 1937 537 2018 dederunt,
548 1936 697 2000 studiosos
713 1938 853 2016 instruet,
863 1950 896 2002 et
913 1941 964 2022 (ut
974 1939 1014 2002 fic
1030 1939 1181 2020 dixerim)

128 2020 197 2108 -jus
221 2023 329 2110 ipsum
354 2023 531 2088 rhetorices
553 2021 788 2108 interpretetur,
808 2021 861 2088 sed
883 2020 967 2087 aldre
987 2023 1082 2088 saeua
1107 2025 1170 2090 iam
1325 2045 1369 2109 (q

87 2121 131 2187 24
141 2108 229 2172 vires
256 2112 375 2196 augere
397 2107 589 2194 eloquentiae
611 2107 713 2193 possit.
758 2111 844 2172 Nam
870 2107 1062 2195 plerumque
1086 2091 1132 2175 nri
1155 2073 1258 2175 {aaa
1280 2089 1384 2190 wlff

142 2192 213 2258 illae
231 2206 329 2274 arten,
344 2192 445 2258 nimia
464 2191 647 2257 subtilitatis
664 2193 868 2258 affeslatione
887 2193 1185 2283 frangentemque
1275 2161 1308 2230 7

131 2274 325 2344 eone'rdunt
339 2277 498 2365 quidquid
509 2278 555 2342 est
570 2277 601 2341 in
617 2279 761 2342 oratione
779 2280 971 2366 generosus,
986 2294 1020 2343 et
1034 2299 1182 2346 omnum

133 2365 277 2429 -sueeum
293 2363 418 2450 ingenii
439 2363 568 2442 bibunt,
585 2376 618 2428 et
631 2363 695 2428 ossa
708 2353 887 2451 delegunt:
911 2386 984 2452 quae
1004 2378 1043 2429 ut
1063 2366 1135 2446 esse,
1151 2379 1186 2432 et

135 2449 301 2536 ,adstringi
326 2449 431 2514 nervis
452 2449 515 2513 suis
540 2449 671 2528 debent,
691 2449 733 2512 sie
750 2470 886 2536 -corpore
908 2449 1079 2535 operienda
1101 2451 1183 2516 sunt.

91 2548 132 2617 25
146 2535 294 2620 Ideoque
319 2555 380 2598 noe
407 2555 472 2598 non
497 2533 688 2632 particulam
716 2534 818 2612 illam,
843 2535 921 2599 ficut
948 2535 1104 2622 plerique,
1130 2535 1186 2601 sed

146 2617 309 2706 quidquid
330 2619 412 2684 utile
431 2618 474 2684 ad
496 2618 724 2683 instituendum
738 2631 904 2684 oratorem
925 2621 1128 2705 putabamus,
1149 2621 1185 2688 in

135 2705 208 2770 lroe
222 2704 397 2770 duodecim
417 2703 516 2768 libros
538 2704 746 2784 contulimus,
759 2704 898 2769 breviter
918 2705 1027 2768 omnia
1047 2706 1184 2770 demon·

148 2789 288 2854 strando.
329 2791 418 2854 Nam
440 2789 634 2874 fi'qnantum
650 2788 691 2853 de
705 2811 834 2876 quaque
848 2811 883 2854 re
903 2789 969 2854 diei
1024 2792 1092 2870 test,
1107 2811 1185 2878 pro·

96 2875 329 2975 n6sequamur‚
354 2875 427 2939 sinis
449 2874 554 2961 operis
577 2896 643 2937 non
669 2875 857 2960 reperietur.
901 2874 962 2938 Illu
1013 2888 1120 2940 tamen
1150 2877 1185 2942 in

149 2961 261 3048 prrmia
277 2959 455 3024 testandum
470 2959 525 3037 est,
543 2973 664 3022 utun,
676 2971 835 3045 praecepta
854 2971 951 3046 atque
971 2971 1053 3024 artes
1067 2961 1265 3044 valere,—

147 3045 205 3110 nifi
228 3043 404 3131 adjuvaute
417 3058 551 3124 ,natura
595 3045 801 3130 Quapropter
825 3043 868 3123 ei,
895 3043 948 3109 cui
969 3045 1071 3112 deerit
1094 3047 1187 3135 inge-

149 3130 260 3210 nium,
281 3152 346 3194 non
375 3129 479 3216 magis
508 3129 578 3193 haee
603 3129 718 3216 scripte
737 3130 821 3208 sunt,
846 3129 1006 3215 quamde
1034 3153 1186 3218 agrorum

97 3231 134 3300 27
150 3215 243 3280 cultu
270 3213 424 3280 sterilibus
450 3214 554 3280 terris.
598 3216 681 3280 Sunt
702 3227 737 3278 et
761 3214 823 3278 alia
844 3212 988 3302 ingenita
1012 3217 1186 3302 quaedam‘¹

149 3301 349 3387 adjumenta,
366 3323 438 3380 vox,
453 3299 537 3364 latus
551 3300 676 3386 patiens
689 3299 818 3378 laboris,
828 3299 988 3380 valetudo,
1000 3303 1185 3381 constantia,

136 3385 269 3450 decor:
293 3408 365 3472 quae
380 3385 401 3448 sr
416 3385 545 3449 modica
558 3384 757 3471 obtig'Erunt‚
773 3383 899 3471 possunt
913 3385 1037 3487 ratiqpe
1050 3387 1185 3474 amplia·
1196 3427 1270 3448 N„

148 3469 201 3535 ri:
225 3470 280 3536 sed
301 3491 543 3557 nonnumquam
568 3469 614 3534 ita
634 3469 758 3549 desunt,
781 3483 819 3534 ut
839 3469 924 3534 bona
941 3457 1041 3535 itiam
1062 3465 1185 3560 ingenii

1197 643 1289 716 strar,
1313 583 1395 685 deae

182 3673 369 3724 renatorum
380 3675 411 3722 e.
476 3677 488 3705 ¹
507 3673 582 3722 eote.
598 3675 656 3722 huic
667 3683 700 3733 et,
713 3680 778 3733 reae,
789 3674 886 3722 avan
897 3672 1049 3738 utmagnus.
1068 3639 1090 3709 ¹-
1113 3677 1198 3725 aaa.
1250 3693 1254 3700 ·

141 3738 235 3793 ,tendis
247 3737 290 3803 l'fi
299 3739 331 3787 G.
351 3773 354 3780 .
408 3736 419 3768 δ
437 3738 575 3786 differemus
586 3739 617 3788 G.
627 3741 691 3788 Jens.
768 3746 777 3769 ⁸
796 3741 938 3801 franguntur
948 3741 978 3789 G.
983 3741 1027 3805 sed
1035 3737 1110 3791 mrliur
1121 3742 1185 3790 sran-

147 3812 222 3864 gunt.
287 3803 299 3834 s
318 3803 406 3865 cuique
416 3803 480 3853 lens.
495 3804 595 3866 quidem
606 3819 661 3866 quae
671 3803 787 3865 adjutam
797 3805 829 3854 G.

187 3983 233 4028 27·
251 3964 398 4035 curfiantia]
415 3964 504 4018 Nescio
515 3983 590 4046 quam
601 3965 646 4017 be·
694 3981 724 4016 eo
740 3982 827 4036 genere
838 3965 937 4020 videtur
948 3963 1018 4019 fuisse
1028 3981 1184 4022 enumeratu-

151 4049 183 4086 πε
203 4036 229 4086 in
247 4034 380 4103 congeratis
398 4036 545 4104 adjumento
566 4037 646 4087 adnu-
696 4053 749 4086 rus.
779 4037 867 4108 Qidr
886 4037 953 4106 quod
970 4036 1049 4088 statim
1063 4038 1185 4106 pertinax

154 4113 264 4154 meretur
280 4105 429 4174 constantia.-
451 4103 549 4158 sienim
567 4107 646 4157 virtu·
687 4104 806 4175 studium,
828 4106 966 4158 continuam
987 4107 1185 4167 exercitationem
1254 4117 1257 4123 '

144 4185 209 4224 tum
229 4171 271 4225 illa
295 4175 378 4236 initia,
398 4191 461 4242 quar
481 4173 647 4246 dispositiones
696 4175 825 4242 separatim
836 4177 957 4228 nominat.
972 4177 1122 4244 Legemulire
1132 4195 1184 4230 va-

153 4255 245 4294 vocant
255 4242 358 4304 scholae,
371 4241 480 4294 voluisset
495 4259 648 4297 commemo·
695 4244 773 4297 trudo
784 4243 914 4317 cotylam?
935 4247 975 4300 Sic
988 4259 1049 4316 puto
1060 4245 1184 4317 equidem.

155 4329 208 4366 rare
225 4309 422 4378 erintlilianur,
440 4311 511 4384 longe
528 4313 601 4387 plura
619 4331 648 4369 tx
787 4347 791 4364 ι
1004 4332 1007 4339 ’
