3022 4920
439 393 608 454 INSTIT.
630 393 833 454 ORATOR.
855 394 939 452 Ll-B.
961 395 1001 454 11.
1020 409 1073 468 ¹ig.
1216 408 1274 472 πη

239 569 276 624 ut
298 559 331 622 in
355 557 462 622 slatuis
483 571 580 645 atque
600 549 889 645 pidurisvidemus
909 557 1020 624 variari
1035 557 1176 638 babitus,
1199 557 1272 622 vul·

210 653 301 726 9tus,
316 645 422 709 status.
466 645 551 708 Nam
564 645 642 708 retii
657 643 787 730 quidem
805 645 942 729 corporis
958 643 1006 707 vel
1024 643 1157 708 minima
1171 644 1274 730 gratia

238 732 291 794 est.
337 733 487 817 Nempez
510 731 596 794 enim
611 729 738 792 adversa
753 730 788 794 fit
803 729 912 808 facino,
928 743 964 794 et
983 729 1111 794 demilla
1130 730 1271 807 brachia,

235 818 273 880 'ot
291 816 399 904 juniii
422 815 530 903 pedes,
546 829 580 879 et
594 837 613 879 a
626 815 757 879 summis
777 815 816 878 ad
839 816 904 878 ima
918 815 1025 902 rigens
1045 837 1148 901 opus:
1172 816 1273 880 flexus

237 901 304 980 ille,
321 914 355 966 et
376 917 413 966 ut
434 903 474 965 fio
493 901 639 980 dixerim,
656 913 774 980 motus,
791 900 846 965 dat
868 901 975 966 nolum
995 901 1168 986 quemdam
1184 901 1272 965 effic-

238 987 316 1052 tis².·
357 987 433 1052 ldeo
453 1009 513 1052 nec
532 987 571 1051 acl
596 1009 697 1052 unum
721 985 854 1050 modurn
874 986 1018 1050 formatae
1037 1008 1162 1066 manus,
1183 1000 1215 1050 et
1238 985 1272 1050 in

190 1073 331 1138 10vultu
345 1073 435 1138 mille
449 1072 578 1160 speeies.
608 1073 741 1138 Cursum
759 1071 878 1136 babent
891 1071 1035 1158 quaedam
1052 1085 1084 1136 et
1100 1071 1271 1160 impetum,

237 1157 349 1223 sedent
370 1159 441 1238 alia,
458 1158 508 1222 vel
531 1159 746 1222 incumbunt:
770 1157 857 1222 nuda
877 1157 959 1236 baec,
975 1157 1030 1220 illa
1052 1157 1154 1222 velata
1176 1159 1270 1223 sunt:

237 1245 511 1332 quadam-mixta
524 1267 564 1309 ex
584 1257 731 1330 utroque.
778 1243 868 1309 Quid
890 1256 954 1308 tam
981 1241 1146 1308 distortum
1161 1257 1195 1308 et
1208 1245 1273 1308 ela-

237 1331 401 1408 boratum,
413 1352 510 1417 quam
526 1332 569 1394 est
593 1329 648 1394 ille
661 1329 852 1394 Discobolos
866 1329 1015 1416 Myronis
1027 1331 1051 1394 i¹
1085 1329 1118 1392 Si
1134 1330 1206 1415 quis
1221 1343 1271 1393 ta-

237 1439 323 1496 men,
340 1430 377 1482 ut
391 1439 501 1502 parum
516 1417 653 1494 redium,
669 1416 830 1502 improbet
842 1437 934 1499 opus,
949 1415 1109 1480 nonne'ab
1125 1415 1272 1479 intellec-

237 1513 274 1565 tu
288 1504 363 1566 artis
378 1502 527 1579 abfuerit,
541 1503 648 1588 inqua
662 1501 711 1564 vel
727 1501 887 1586 praecipue
900 1499 1070 1564 laudabilis
1085 1501 1126 1564 est
1141 1501 1194 1564 illa
1209 1500 1273 1586 ipsa

191 1593 226 1637 11
239 1588 374 1666 novitas,
390 1611 427 1651 ac
443 1586 635 1652 difficultas?
682 1587 790 1652 Quam
807 1586 940 1672 quidem
960 1587 1096 1672 gratiam
1115 1599 1148 1651 et
1163 1585 1270 1650 deleo-

238 1673 543 1738 tationemaffemnt
563 1673 684 1760 figurae,
701 1694 836 1760 quaeque
857 1671 890 1734 in
913 1671 1062 1750 sentibus,
1078 1693 1214 1760 quaeque
1236 1673 1271 1736 in

238 1759 342 1822 verbis
364 1760 447 1824 sunt.
493 1760 625 1823 Mutant
648 1758 760 1821 eninrb
783 1756 937 1843 aliquida
954 1757 1053 1836 reolo,
1070 1773 1164 1844 atque
1187 1759 1270 1822 bane

238 1865 299 1926 prae
324 1845 355 1909 se
377 1845 527 1908 virtutem
551 1844 670 1921 ferunt,
686 1843 773 1929 quod
793 1866 811 1906 a
830 1842 1057 1908 consuetudine
1079 1843 1202 1930 vulgari
1218 1865 1269 1908 re·

189 1929 404 1995 merserunt.
449 1931 558 1994 Habet
573 1931 606 1994 in
628 1930 754 2030 pietura
767 1929 899 2014 speciem
916 1940 984 1992 tota
997 1928 1093 2004 facies
1108 1954 1115 1992 :
1140 1929 1270 2016 Apelles

237 2025 344 2079 tamen
367 2015 540 2102 imaginem
558 2013 717 2102 Antigoni
739 2013 837 2080 latere
856 2026 982 2078 tantum
1006 2014 1105 2078 altero
1122 2015 1270 2094 ostendit,

235 2113 274 2164 ut
288 2101 385 2164 amilli
401 2101 486 2164 oculi
502 2100 686 2166 deformitas
701 2099 825 2164 lateret.
860 2099 972 2164 Quid?
998 2123 1062 2164 non
1078 2101 1110 2164 in
1127 2102 1270 2166 oratione

235 2187 407 2272 operienda
421 2187 493 2250 sunt
506 2187 663 2272 quaedam,
680 2186 761 2250 ‘five
776 2185 894 2250 ostendi
909 2207 973 2248 non
988 2185 1119 2266 debent,
1136 2187 1195 2251 five
1211 2209 1268 2250 ex·

188 2276 225 2342 13
236 2271 328 2356 primi
346 2293 403 2358 pro
417 2271 575 2358 dignitate
593 2293 658 2335 non
674 2270 820 2357 poliunt?
845 2283 883 2335 ut
897 2269 974 2338 feeit
988 2271 1189 2352 Timanthes,
1205 2287 1242 2336 ut
1255 2273 1270 2316 l

235 2357 359 2442 opinor,
383 2358 544 2444 Cythnius
556 2369 581 2434 ²,
605 2359 637 2420 in
658 2356 779 2434 tabula,
794 2378 857 2442 qua
877 2355 1026 2421 Colotem
1043 2358 1159 2422 Teium
1179 2357 1269 2423 vicit.

235 2441 323 2506 Nam
336 2465 410 2506 cum
426 2443 460 2506 in
476 2443 655 2532 Iphigeniae
671 2443 889 2526 immolatione
903 2441 1048 2528 pinxiffet
1059 2443 1177 2518 tristem
1191 2443 1269 2508 Cal·

268 2645 337 2693 2Sic
348 2645 377 2694 G.
390 2659 412 2694 et
418 2647 494 2710 plures
505 2658 542 2710 ap.
554 2649 633 2694 Burm.
645 2645 731 2708 N'eque
743 2645 775 2694 nl.
845 2631 899 2692 'aet
917 2645 1006 2694 latium
1024 2647 1053 2693 G.
1066 2646 1129 2692 lens.
1192 2643 1267 2693 bau-

235 2713 489 2761 emoniensem.
554 2713 690 2777 squatus
702 2713 733 2760 G.
800 2710 870 2758 lom.
883 2711 914 2758 G.
980 2711 1111 2773 ‘Cyrnius
1122 2712 1153 2760 G.

273 2926 298 2974 9.
318 2905 408 2976 Nempe
419 2905 495 2971 enim]
510 2907 685 2976 Obtemperavi
702 2906 728 2958 in
778 2905 894 2976 Myronis
909 2905 980 2958 illum
998 2903 1082 2958 laudat
1100 2905 1167 2958 Plin.
1184 2925 1224 2972 34,
1240 2911 1265 2962 8.

233 2979 355 3029 mutanda
373 2978 475 3030 lediione
492 2977 564 3028 bonis
582 2976 727 3028 audloribus
777 2975 795 3026 s.
811 2995 853 3044 19,
869 2993 892 3040 3.

233 3064 299 3116 quos
311 3047 419 3110 laudavi,
429 3046 522 3116 ipsique
533 3047 736 3098 adeoBunnan-.
814 3065 854 3096 η.
874 3044 1005 3114 imaginem
1022 3047 1153 3114 Antigoni]
1173 3050 1265 3102 Narrat

235 3133 277 3178 no,
290 3119 411 3170 cui'illud
429 3126 511 3186 nempe
527 3117 579 3182 jam
596 3115 725 3186 prael'eren-
775 3114 842 3167 Plin.
858 3135 899 3182 35,
915 3134 956 3168 ιο.
975 3117 994 3167 s.
1013 3119 1056 3184 36,
1074 3135 1114 3180 14·
1153 3119 1197 3169 Sed
1216 3137 1265 3172 non

234 3185 294 3240 dum
307 3187 448 3240 videbatur.
485 3185 649 3247 Describitur,
662 3187 724 3256 quid
774 3187 870 3254 primus
903 3187 997 3238 invenit
1030 3188 1187 3256 catagrapha
1221 3189 1264 3242 ista

236 3257 385 3310 incommodi
403 3258 492 3309 babeat
504 3257 582 3308 statua
599 3256 658 3308 reni
671 3274 725 3308 cor·
774 3255 879 3324 (figures
890 3255 1030 3324 deprofil);
1044 3257 1143 3309 Cimoni
1164 3259 1264 3326 quidem

236 3329 312 3396 poris,
325 3340 352 3378 ut
365 3327 454 3380 melius
466 3327 547 3394 'gratia
559 3325 615 3380 flexi
635 3325 725 3378 intelli·
775 3325 889 3378 Cleonaeo
901 3326 1026 3378 inventum
1040 3325 1085 3378 boc
1099 3329 1186 3380 tribuit
1200 3330 1263 3382 idem

235 3407 321 3466 gatur.
374 3467 378 3476 Ι
510 3465 514 3475 .
681 3465 711 3480 ..
774 3393 965 3474 Plinius35‚8.
985 3395 1002 3446 s.
1020 3413 1061 3460 34.
1099 3468 1104 3478 Ι

233 3465 725 3606 aaMltitfltldtttb‘t
775 3534 793 3586 s.
810 3464 1050 3600 ,¹,{·,T¹m1?g²,}}5,'3,
1062 3466 1146 3596 ile,
1157 3485 1262 3589 tan:

234 3623 281 3657 nus
299 3625 328 3657 ex
347 3606 455 3658 casaub.
474 3607 504 3657 ad
523 3605 652 3674 Theophr.
674 3607 726 3672 περὶ
774 3603 834 3656 ferre
846 3607 945 3658 facilius
962 3605 1056 3656 studiosi
1069 3607 1164 3674 pollrnt.
1202 3609 1263 3676 Ejus

233 3675 363 3740 ἰδυλεσχίιις
375 3695 468 3745 p.132.
512 3676 722 3738 Turnebo41,2.
771 3676 808 3794 Zlb
815 3675 949 3744 Iphigenia,
961 3686 1084 3726 oratorum
1099 3675 1262 3728 laudibusce.

235 3743 346 3796 Vidlorio
359 3749 391 3797 V.
405 3748 438 3796 L.
453 3765 496 3805 22,
511 3763 535 3794 2.
809 3755 883 3808 rata,
895 3765 944 3815 qua
953 3747 1036 3816 stante
1047 3747 1083 3798 ad
1097 3763 1159 3798 aras
1166 3747 1262 3816 peritu-

267 3832 318 3865 ·10.
338 3814 469 3885 Discobolos
489 3813 610 3884 Myronis]
640 3815 723 3866 Status
771 3831 812 3874 ra,
823 3833 875 3866 cum
886 3817 975 3886 rrroestas
982 3815 1094 3884 pinxssit
1103 3834 1189 3876 amnes,
1195 3826 1259 3884 prae.

227 3883 329 3948 ,juvenis
346 3885 440 3936 summa
451 3885 476 3936 vi
489 3886 594 3936 contorti
613 3887 722 3954 corporis
771 3882 838 3951 ayne
853 3893 983 3954 patruum,
1008 3895 1032 3936 ct
1049 3885 1151 3954 tristitiae
1170 3905 1261 3940 omnem

234 3954 342 4014 connixi,
355 3967 384 4006 ut
404 3956 430 4006 in
448 3955 527 4006 altum
549 3956 661 4023 projiciat
683 3973 723 4006 or-
771 3953 902 4023 imaginem
920 3955 1076 4025 cansumstffat,
1090 3955 1173 4024 patris
1190 3957 1261 4024 ipſsus

233 4023 289 4072 bem
300 4022 433 4093 lapideum,
444 4023 526 4075 nobile
538 4037 722 4091 argumentum,
771 4025 870 4076 vultum
893 4025 1006 4086 velavit,
1030 4043 1098 4094 qnam
1121 4025 1191 4093 digne
1214 4047 1261 4080 nan

234 4090 259 4142 in
271 4110 322 4160 qno
335 4094 414 4162 plures
426 4093 538 4145 statuarii
550 4106 627 4145 artem
639 4111 722 4163 exper·
766 4103 866 4161 poterat
886 4096 1012 4165 ostendere.
1054 4096 1124 4146 Add.
1151 4097 1208 4150 Cic.
1234 4100 1260 4150 in

232 4163 252 4211 ti
266 4162 331 4214 sunt.
357 4165 418 4215 Vid.
433 4164 503 4230 Junii
515 4164 652 4232 Catalogus
665 4181 723 4232 ope·
772 4166 845 4216 Orat.
860 4185 885 4228 2,
898 4165 979 4218 cani.
999 4165 1057 4217 Val.
1071 4167 1145 4219 Max.
1160 4171 1185 4229 8,
1201 4187 1244 4220 11.

233 4249 289 4284 rum
307 4234 332 4284 in
350 4233 470 4303 praeclaro
482 4252 553 4303 opere
565 4231 596 4286 de
613 4233 721 4305 pidum.

787 4337 835 4416 33
