3022 4920
431 399 486 464 IN
493 399 606 462 STIT.
626 399 832 460 ORATOR.
852 399 939 460 LIB.
959 399 999 460 Is.
1021 417 1049 462 2.
1210 398 1248 480 ⁸5

214 558 251 630 in
274 563 352 631 vitia
373 563 497 645 directi,
516 560 627 652 quales
652 561 792 652 legimus
815 586 834 628 a
853 563 1010 640 Cicerone
1032 583 1104 628 corn
1148 562 1248 630 sitos:

216 653 272 717 seu
286 652 606 739 quibusquaesiiones
626 651 818 738 generaliter
839 650 1025 728 tractantur,
1040 672 1103 734 qua
1117 672 1151 713 es
1172 650 1245 715 sunt

216 737 296 802 editi
312 760 331 802 a
346 737 470 802 Quinto
490 759 619 823 quoque
640 736 830 800 Hortensio:
853 747 902 814 ut,
920 735 1002 799 Sitne
1019 736 1126 833 paruit
1146 759 1242 822 argn-

217 823 322 886 mentis
343 823 543 887 credendum?
565 836 598 885 et
610 837 664 909 pro
680 819 806 906 testibus,
822 821 901 884 etin
916 820 1006 905 testes,
1021 843 1054 883 ιιι
1076 820 1189 884 mediis
1202 820 1243 883 li-

163 921 205 971 12
219 907 299 972 tiurn
316 907 466 972 medullis
484 907 656 972 versantur.
700 909 800 970 Arma
820 907 894 970 sunt
915 906 986 969 haec
1007 905 1246 992 quodammodo
1260 933 1347 948 ---

216 992 419 1080 praepnranda
434 993 565 1080 semper,
581 993 697 1070 uthis,
715 1014 789 1054 cum
805 1013 854 1054 res
868 991 1013 1076 poscetm,
1028 992 1137 1056 utariS.
1161 992 1247 1056 Quae

217 1079 276 1164 qui
304 1079 461 1165 pertinere
486 1078 527 1142 ad
550 1089 724 1142 oratorenr¹²
751 1099 812 1140 non
839 1077 975 1162 putabit,
999 1075 1026 1140 is
1050 1098 1091 1140 ne
1112 1077 1246 1140 statuam

218 1163 349 1249 quidem
379 1163 522 1228 inchoari
550 1163 669 1240 credet,
696 1185 769 1226 curn
798 1161 865 1248 ejus
892 1162 1036 1226 membra
1060 1161 1245 1226 fundentur.

218 1248 271 1313 Ne
296 1272 336 1313 ue
352 1249 434 1313 hanc
453 1255 503 1332 (ut
522 1247 620 1334 aliqui
642 1249 812 1333 putabunt)
836 1245 1065 1310 festinationem
1086 1269 1189 1312 meam
1206 1247 1248 1311 s1c

218 1273 384 1482 auissquam
401 1334 623 1413 calumnietur,
639 1347 803 1417 tamquam
824 1355 910 1408 eum,
926 1332 979 1417 qui
997 1331 1032 1394 fit
1046 1333 1164 1396 rhetori
1181 1346 1247 1395 tru-

241 1419 342 1484 endus
353 1432 377 1498 ⁰,
399 1419 622 1484 abducendum
653 1419 798 1504 protinus
826 1439 845 1480 a
870 1418 1096 1482 Grammaticis
1124 1430 1246 1503 putem.

168 1520 206 1586 13
219 1505 392 1570 Dabuntur
405 1505 487 1569 illisr
509 1518 578 1568 turn
592 1524 723 1588 quoque
741 1516 885 1588 tempora
898 1501 971 1565 sua:
996 1523 1099 1587 neque
1117 1503 1177 1566 erit
1191 1524 1246 1564 ve-

218 1589 368 1667 rendum,
400 1611 441 1653 ne
468 1588 553 1652 binis
579 1589 825 1674 praeceptoribus
854 1601 1002 1650 oneretur
1027 1610 1114 1672 puer.
1169 1589 1247 1652 Non

219 1676 307 1740 enim
329 1675 457 1753 crescet,
473 1673 527 1740 sed
544 1673 716 1751 dividetur,
731 1673 788 1758 qui
813 1673 869 1736 sub
894 1694 958 1734 uno
979 1672 1177 1750 miscebatur,
1199 1672 1248 1736 la'-
1316 1731 1319 1738 .

219 1762 299 1824 bor:
322 1774 356 1824 et
371 1760 432 1824 erit
446 1760 492 1824 sui
507 1759 640 1846 quisque
655 1759 759 1844 operis
773 1758 922 1843 magister
935 1757 1063 1821 utilior:
1088 1758 1175 1844 quod
1190 1757 1247 1821 ad-

220 1846 286 1910 huc
300 1846 448 1910 obtinent
463 1845 580 1922 Greci,
598 1855 641 1908 ta
655 1843 778 1907 Latinis
797 1841 943 1906 omissum
960 1844 1013 1920 est,
1029 1858 1063 1907 et
1077 1843 1143 1907 sieri
1157 1843 1248 1908 vide·

220 1944 274 1996 tur
288 1930 443 2010 excusate,
458 1927 533 2016 quia
546 1930 630 2007 sunt,
646 1930 701 2016 qui
716 1929 816 1992 labori
831 1928 877 1990 isti
892 1927 1112 1992 succederunt.

265 2018 310 2080 ΙΙ.
335 2019 423 2102 Ergo
448 2038 521 2080 curn
544 2015 657 2078 adeas
681 2013 713 2076 in
739 2013 846 2077 studiis
863 2013 944 2076 vires
965 2013 1141 2099 pervenerit
1158 2036 1249 2101 puer,
1261 2027 1320 2104 72

220 2113 259 2166 ut
305 2124 353 2164 uae
378 2100 479 2187 prima
507 2101 566 2164 esse
589 2112 746 2185 praecepta
773 2099 938 2162 rhetorum
967 2099 1117 2176 diximur,
1140 2115 1250 2164 mente

221 2125 370 2273 consequi
392 2186 492 2285 potiit,
507 2185 679 2249 tradendus
700 2184 769 2272 ejus
789 2184 865 2248 artis
887 2184 1043 2270 magistris
1065 2185 1144 2249 erit:
1168 2208 1249 2271 quo-

190 2285 293 2337 2rum
307 2272 341 2336 in
356 2272 466 2358 prunis
483 2271 592 2357 inspici
609 2293 715 2334 mores
729 2269 908 2355 oportebit:
934 2270 1021 2356 quod
1036 2292 1098 2356 ego
1114 2292 1178 2334 uon
1200 2271 1340 2334 id...-

223 2357 308 2422 circo
335 2357 526 2443 potissimum
543 2357 585 2419 'in
616 2357 677 2419 hac
706 2368 795 2441 parte
820 2355 953 2419 tractare
981 2355 1049 2418 surrr
1078 2355 1251 2442 aggressus,

222 2443 378 2530 quianon
400 2443 433 2506 in
452 2441 564 2506 ceteris
580 2463 710 2528 quoque
724 2440 907 2504 dodoribus
931 2439 1017 2504 idern
1045 2440 1108 2504 hoc
1129 2441 1251 2506 exami-

222 2528 365 2594 nandum
388 2549 485 2614 quum
497 2527 732 2614 diligentiffinre
746 2539 868 2612 putem,
885 2526 962 2590 ficut
977 2526 1104 2590 testatus
1119 2526 1187 2591 sum
1209 2527 1250 2590 li-

222 2615 281 2678 bro
302 2613 424 2699 priore:
447 2611 499 2677 sed
514 2612 602 2698 quod
623 2612 727 2698 magis
742 2610 939 2674 necessariam
956 2609 1023 2696 ejus
1045 2611 1090 2674 rei
1110 2613 1251 2677 mentio·

189 2713 209 2778 3
224 2721 297 2764 nem
314 2698 389 2764 facit
404 2712 479 2762 aetas
494 2697 558 2784 ipsa
571 2697 772 2761 discentium.
816 2696 901 2759 Nam
917 2708 950 2759 et
964 2695 1063 2760 adulti
1082 2695 1148 2762 fere
1163 2698 1253 2784 pueri

224 2784 266 2848 ad
294 2783 355 2846 hos
384 2797 595 2867 praeceptores
618 2781 858 2860 transferuntur,
882 2794 916 2844 et
937 2780 1022 2867 apud
1043 2803 1098 2846 eos
1117 2782 1253 2869 juvenes

224 2867 323 2932 etiarn
349 2865 426 2930 fasti
449 2863 654 2952 perseverant,
679 2865 816 2950 ideoque
838 2864 957 2950 major¹
979 2866 1160 2931 adhibenda
1183 2883 1254 2934 turn

225 2975 302 3016 cura
318 2953 382 3016 est:
406 2964 500 3015 utet
523 2953 694 3016 teneriores
708 2974 807 3016 annos
829 2953 869 3015 ab
888 2950 1000 3038 injuria
1022 2952 1169 3018 sanctitas
1191 2953 1251 3018 do-

225 3037 328 3102 centis
343 3035 506 3113 custodiat,
522 3051 555 3101 et
570 3036 740 3101 ferociores
753 3059 773 3100 a
785 3035 914 3101 licentia
935 3036 1071 3124 gravitas
1085 3037 1252 3104 deterreat.

104 3131 111 3140 '
192 3123 343 3220 4Neque
361 3144 436 3187 vero
457 3122 529 3186 satis
551 3124 594 3187 est
614 3123 770 3186 summam
792 3122 932 3220 praesture
951 3121 1182 3204 abstinentiam,
1198 3125 1260 3190 nisi

227 3207 396 3294 disciplinae
416 3208 581 3274 severitate
604 3207 862 3273 convenientium
885 3228 1014 3294 quoque
1035 3207 1075 3272 ad
1096 3210 1127 3274 se
1149 3233 1254 3277 mores

260 3397 280 3424 ”¹
299 3393 380 3455 poscat
396 3395 426 3443 G.
437 3394 500 3442 Jens.
566 3363 578 3426 s·
596 3395 729 3442 orationem
745 3393 807 3442 Jens.
819 3403 842 3439 er
852 3393 917 3442 multi
933 3405 970 3458 ap.
983 3396 1060 3443 Bam.
1125 3401 1137 3424 ⁰
1156 3398 1255 3446 traditus

229 3456 261 3506 G.
271 3469 293 3505 et
302 3458 334 3506 al.
345 3469 382 3522 ap.
394 3461 473 3508 Burm.
485 3459 544 3506 bene.
619 3466 631 3500 P
646 3459 681 3508 isli
690 3459 754 3506 Jens.
765 3475 805 3506 non
817 3457 882 3519 quase.
956 3469 968 3509 ‘l
986 3471 1010 3508 et
1020 3460 1060 3524 insi
1073 3460 1103 3510 G.
1114 3462 1176 3509 Jens.
1189 3474 1210 3508 et
1221 3464 1254 3512 as.

226 3525 356 3585 ,ap.Burm.
420 3525 523 3586 tnagis
535 3521 564 3572 G.

253 3704 307 3750 ur.
330 3703 349 3737 a
366 3685 477 3738 Cicerone
497 3684 642 3756 compostus]
663 3685 676 3738 1
697 3685 717 3737 se
765 3685 888 3752 transtro
910 3681 1005 3736 dicendi
1023 3701 1109 3754 genus.
1146 3687 1187 3736 Ex
1207 3686 1254 3740 hnc

229 3755 255 3808 in
278 3756 462 3808 Paradonorum
490 3757 642 3826 praetitioue,
686 3771 718 3823 go
767 3757 844 3824 igitur
853 3755 1034 3822 ultirnogenere
1042 3753 1105 3806 forte
1113 3758 1255 3809 exstiterunt

228 3843 302 3888 vero,
315 3827 408 3895 inquit,
419 3824 464 3876 illa
480 3825 541 3895 ipsa,
555 3842 607 3904 que
625 3823 676 3876 vix
693 3825 719 3876 in
766 3825 881 3893 quaedam
912 3823 1084 3894 Qintiilinno
1119 3827 1251 3893 prodente=

230 3894 365 3966 Gymnasiis
375 3905 399 3946 et
416 3893 442 3946 in
455 3899 501 3946 otro
518 3893 591 3946 Stoici
596 3894 718 4014 findant,
767 3910 919 3963 quamquam
940 3891 1000 3944 itsud
1016 3892 1118 3964 legimur
1131 3899 1204 3948 etiam
1223 3900 1255 3950 at

229 3963 313 4014 ludens
323 3963 411 4032 conjeci
420 3961 446 4016 in
455 3981 587 4015 communes
620 3980 655 4014 cos
669 3965 718 4014 dcc.
767 3964 894 4016 laudatum
907 3981 920 4014 e
931 3963 1063 4032 paradoxis
1077 3967 1156 4015 lorum
1171 3965 1255 4021 referri

231 4043 256 4083 et
267 4033 293 4084 in
304 4032 360 4092 fine,
369 4033 504 4103 degustabis
511 4050 589 4101 genus
600 4029 640 4083 boc
648 4049 719 4084 exer·
768 4033 852 4103 potest,
890 4033 1016 4084 Caererum
1029 4036 1206 4102 vituperatione
1225 4037 1255 4088 fi-

231 4100 372 4156 diatonum
383 4119 478 4164 earum,
490 4103 575 4182 quibus
591 4100 627 4152 uti
639 4103 718 4172 consu·
767 4105 805 4153 nit
823 4119 979 4156 communem
996 4102 1079 4155 locurn
1096 4105 1170 4156 etiarn
1189 4125 1214 4169 ι,
1227 4125 1255 4173 4,

231 4169 287 4231 evi,
298 4187 393 4224 nemea
403 4189 456 4241 qua
472 4173 587 4224 dmmtur
598 4171 624 4222 in
632 4170 720 4242 scholis
769 4191 813 4222 22.

174 4269 178 4280 ·
231 4241 330 4310 sursit,
348 4251 384 4302 ad
402 4250 503 4321 instrum
523 4249 565 4303 bor
588 4249 720 4302 oratorium

748 4337 857 4416 ,⁶3
