2938 4910
263 383 323 444 420
483 367 529 428 M.
550 367 672 430 onon
698 365 1051 433 ootnc‘rttlttttt.

176 535 182 546 '
263 529 379 598 nertin:
404 529 607 620 Interrogatus
615 529 719 618 filins,
735 531 788 596 nbi
808 529 874 618 offet
889 542 990 620 pater,
1006 528 1096 616 dixit,
1115 529 1307 618 Ufiaempue

263 615 314 702 est,
328 605 431 682 uiuit.-
464 629 498 679 at
523 615 574 678 itte
597 617 628 680 in
653 629 738 702 poteo
760 627 889 680 mortuas
909 613 948 702 est
968 615 1133 687 inventus„
1161 612 1302 694 Aliena,
1318 629 1371 696 49

265 724 340 788 quae
355 701 428 766 sunt
440 699 549 780 dubia,
567 723 739 788 numquam
756 701 880 790 ponunt
893 721 1019 778 nocere,
1035 699 1089 788 nifi
1110 713 1168 764 ant
1187 700 1303 766 incer-

265 797 301 850 to
316 786 513 852 auctoreaut
528 799 665 852 mortuo⁸
712 786 801 852 Notio
821 785 929 872 onditp
951 783 989 870 est
1000 810 1072 862 vox,
1090 785 1225 850 Cavete?
1246 809 1303 872 y·

263 869 467 937 renuidem.-
498 885 541 950 et,
569 871 786 959 Interrogatus,
811 873 894 958 enjus
918 895 1029 936 veneto
1053 881 1221 944 moreretur,
1243 875 1302 932 re-

254 955 393 1043 spondit,
408 953 476 1020 Non
491 957 607 1043 expedit
620 956 675 1020 tibi
687 956 779 1040 scire.
823 957 924 1036 Nam,
941 956 962 1019 fi
983 955 1039 1033 est,
1054 955 1111 1042 qui
1175 955 1227 1023 ffit
1241 955 1300 1028 in·
1316 967 1370 1036 50

266 1040 433 1127 terrogori,
447 1040 545 1106 solvet
560 1041 814 1138 ambiguitatem.
858 1042 944 1106 Cum
966 1049 1074 1109 autem
1095 977 1301 1107 diffitean-

266 1147 332 1212 que
348 1126 470 1190 nostrar
491 1125 620 1190 defendi
641 1125 707 1190 tolo
728 1127 836 1190 animo
857 1125 980 1212 possint,
995 1123 1097 1190 aliena
1110 1124 1193 1190 varie
1206 1123 1301 1202 refu-

266 1219 386 1274 tantur.
431 1211 482 1275 De
505 1233 570 1274 uuo
590 1209 722 1298 quidem
742 1212 880 1276 maxime
898 1231 1015 1298 genere
1033 1207 1304 1298 conjeduraliuuu

267 1297 547 1360 controversiarum
570 1295 670 1360 locuti
695 1295 852 1376 videmur,
867 1307 901 1360 et
925 1296 957 1360 in
980 1316 1092 1360 omues
1110 1293 1235 1382 aliquid,
1253 1291 1303 1360 de

266 1379 319 1444 his
340 1381 435 1445 cadit.
480 1381 568 1446 Nam
591 1379 719 1468 depofito'‚
732 1382 831 1468 furti,
846 1382 967 1446 neditae
984 1379 1128 1468 pecuniae,
1143 1396 1176 1448 et
1196 1405 1215 1442 a
1230 1379 1301 1466 sae

266 1463 634 1552 cultatibnsorgumenta
649 1465 791 1546 veniunt,
806 1465 975 1554 Anfnerit,
988 1465 1067 1552 qnod
1079 1467 1304 1553 deponeretur?

215 1583 217 1590 ·
267 1561 303 1614 et
316 1573 336 1614 a
376 1551 495 1638 arsonis,
510 1553 562 1616 An
581 1549 667 1614 illurn
681 1551 835 1648 deposuisti
848 1553 931 1640 apud
951 1552 1039 1628 bone,
1054 1549 1107 1616 vel
1126 1550 1209 1619 huic?
1232 1574 1302 1621 ett-

267 1635 334 1698 didi
358 1635 523 1700 ecredibile
532 1637 606 1720 stt?
627 1649 834 1722 conpetitorem
855 1635 1103 1714 calumniarisan
1123 1659 1202 1700 reum
1221 1634 1300 1724 irfi-

266 1719 403 1784 tiatorem
417 1723 498 1806 effl‘,
515 1721 568 1785 vel
576 1719 710 1806 furem?
740 1721 802 1786 Sed
825 1721 921 1786 etiam
938 1720 1068 1807 inserti
1088 1714 1147 1798 roo,
1164 1717 1300 1793 ficutwin
1313 1741 1357 1807 51

267 1805 371 1885 cadis,
387 1805 538 1893 quaeritur
552 1805 593 1870 de
608 1805 705 1886 fauo,
720 1806 807 1870 etde
821 1807 961 1870 auctore.
1007 1805 1121 1872 Crediti
1133 1818 1165 1868 et
1179 1803 1303 1892 depostti

268 1887 343 1954 duae
370 1891 466 1958 sunt1²
490 1891 691 1976 quaestioncs,
717 1891 770 1956 sed
798 1903 1063 1975 nonnuniquam¹
1085 1887 1221 1977 jundae,
1245 1889 1304 1957 Aa

267 1975 375 2038 datura
385 1975 459 2059 stt?
480 1976 697 2046 Artredditorm
710 1980 753 2038 t?
776 1977 907 2040 Habent
928 1973 1049 2072 aliquid
1069 1975 1186 2062 proprii
1207 1975 1301 2042 adnl-

270 2059 477 2136 anticaudae,
493 2060 580 2146 quod
596 2059 783 2148 plerumque
802 2060 938 2126 duorum
960 2059 1127 2126 discrimen
1142 2059 1197 2138 est,
1211 2059 1303 2124 etde
1341 2137 1344 2144 .

269 2143 435 2230 utriusque
449 2144 514 2208 vita
529 2145 719 2210 dicendum:
742 2167 936 2230 quamquam
959 2159 992 2208 et
1015 2143 1049 2208 id
1067 2145 1232 2231 quaeritur,
1247 2145 1304 2208 An

268 2241 425 2314 utrumque
450 2229 565 2316 pariter
593 2229 713 2315 defendi
741 2233 902 2315 oporteat?
937 2228 1039 2316 Cujus
1063 2230 1109 2292 rei
1135 2228 1301 2293 confilium

269 2312 414 2378 noscetur
433 2335 475 2378 en
495 2315 610 2378 caussa.
653 2314 790 2393 Nam,fi
815 2314 979 2380 ad'uvabit
1000 2335 1072 2402 pars
1096 2313 1205 2392 altero,
1217 2335 1301 2378 con·
1315 2329 1356 2398 52

265 2395 426 2484 jungam:
452 2398 471 2462 fi
494 2399 635 2478 nocebit,
649 2398 805 2485 separabo.
885 2421 903 2463 e
924 2400 996 2485 quis
1017 2382 1221 2496 autem-miiii
1237 2420 1301 2483 pu·

271 2495 319 2548 tet
341 2496 462 2548 temero
485 2482 641 2562 excidisse,
667 2484 755 2570 quod
782 2484 973 2570 plerumque
997 2483 1135 2549 duorum
1157 2493 1304 2548 οτιῐηεῐι2

270 2567 334 2632 effe
358 2567 563 2646 adulterium,
591 2591 655 2634 non
685 2570 819 2654 semper,
848 2567 1003 2634 dixerim:
1038 2569 1140 2665 potest
1164 2567 1305 2632 accusari

270 2649 336 2716 scin
357 2653 472 2717 mulier
493 2653 604 2717 incerti
626 2653 795 2718 adulterii:
819 2655 953 2716 Mnrnra
974 2655 1053 2718 dorne
1073 2653 1302 2740 inventnsunt·;

267 2737 408 2825 pecnnia,
423 2740 506 2826 cnjzn
520 2746 622 2804 audior
634 2755 708 2804 nont
723 2737 830 2824 ereliot3
848 2737 985 2817 codicilli,
998 2738 1145 2802 dubitentb
1162 2739 1304 2824 adquam

262 2823 383 2908 scripti.
428 2825 466 2886 ln
478 2821 565 2908 fado
588 2845 716 2912 quoque
730 2823 810 2890 tatio
825 2822 954 2906 similior
978 2834 1033 2886 aut
1047 2823 1133 2886 enim
1148 2821 1253 2910 plures
1267 2823 1302 2884 in
1314 2835 1353 2906 53

273 2907 402 2993 culpam
418 2922 583 2985 vocantur,
599 2923 654 2972 aut
674 2931 767 2972 unus.
812 2905 855 2972 Et
875 2903 1006 2994 scriptor
1028 2903 1160 3056 {uidem
1182 2907 1305 2992 semper

272 2992 356 3055 tueri
380 2991 569 3078 tignatorem
593 2993 711 3056 neceffe
741 2993 848 3071 habet,
875 2993 1011 3080 signator
1062 2991 1213 3077 riptorem
1237 3013 1304 3056 non

162 3132 177 3146 a
273 3077 337 3140 sem
362 3097 417 3140 er:
442 3098 514 3140 nam
540 3089 574 3139 et
592 3075 696 3164 decipi
732 3077 825 3141 otuit.
871 3078 903 3140 Is
926 3089 1046 3154 autem,
1063 3075 1303 3162 quibosadhi-

274 3097 386 3240 hetdo,
401 3172 435 3223 et
448 3161 501 3224 cui
516 3161 549 3224 id
564 3160 683 3226 fuctum
697 3099 827 3240 dicitur,
843 3175 876 3224 et
890 3162 1071 3248 scriptorem
1086 3175 1120 3225 et
1133 3162 1306 3248 fignotores

273 3243 437 3308 defendet.
483 3245 584 3309 Iidem
600 3260 863 3336 argumentorum
885 3245 947 3311 loci
962 3246 994 3308 in
1009 3245 1121 3310 cauffis
1130 3245 1305 3333 proditionis

274 3343 310 3394 et
324 3330 476 3419 afflictatae
490 3331 668 3418 tyrannidis.
708 3333 831 3397 Verum
846 3330 901 3395 itta
914 3329 1093 3396 scholarum
1108 3331 1306 3401 consuetudo
1316 3347 1360 3418 54

307 3551 463 3598 rcavetoc.
543 3545 613 3598 otte
623 3549 654 3604 G,
668 3549 722 3600 Obr.
735 3549 798 3598 real.
814 3549 991 3614 tyrannicidam
1004 3549 1043 3596 rel.
1124 3516 1263 3598 ruostratia
1272 3551 1305 3600 G.

277 3619 287 3644 ¹
307 3616 375 3662 hunc
385 3615 448 3666 lens.
522 3615 531 3652 t
545 3627 578 3662 an
591 3615 621 3660 G.
696 3621 707 3644 ¹¹
725 3631 768 3662 aar.
780 3616 811 3662 G.
822 3615 885 3667 iens.
962 3621 972 3644 '¹
989 3632 1032 3662 orn.
1045 3614 1086 3661 r‘r'd.
1154 3625 1169 3665 t
1186 3615 1305 3666 creditum

278 3675 311 3728 G.
322 3679 387 3728 male.
452 3684 462 3710 ²
481 3677 608 3726 discrimen
620 3675 651 3726 G.
715 3687 727 3715 ²
740 3697 784 3728 ont.
794 3677 858 3728 Jens.
922 3682 936 3722 b
951 3679 1019 3727 dubii
1031 3679 1061 3728 G.

313 3877 360 3935 48.
380 3869 574 3940 intramnensi,
587 3871 676 3938 vivit]
697 3873 767 3945 Qid
814 3873 946 3926 tractarit:
973 3873 998 3942 in
1016 3873 1103 3942 primis
1121 3867 1243 3935 veronis,
1261 3875 1306 3945 qui

279 3941 519 3995 hicduhiuthuto
526 3941 612 3992 vivit.-
621 3942 686 4012 qupd
693 3947 768 3994 etiam
815 3943 951 3998 Pandettas
962 3942 1116 4003 Florentinos
1127 3943 1261 3994 versaiunt.

277 4007 425 4078 bittrpotett
442 4008 519 4062 intelli
539 4011 557 4060 i.
582 4009 643 4062 Non
659 4011 769 4065 vivebat
853 4032 895 4078 53.
914 4011 989 4080 decipi
1000 4011 1092 4080 potuit]
1117 4030 1143 4063 v.
1157 4031 1184 4082 g.
1199 4013 1308 4082 subjetio

279 4081 307 4133 in
317 4091 394 4151 puteo
404 4079 508 4150 patens
543 4079 649 4133 biberat.
678 4081 768 4150 Perpe-
817 4078 907 4148 scripto
937 4081 992 4146 alio!
1015 4081 1059 4136 sub
1088 4082 1169 4153 ipsum
1198 4081 1308 4154 signandi

280 4163 326 4201 tua
343 4150 470 4201 literanum
490 4147 545 4214 blot
565 4167 587 4200 v
607 4147 769 4202 confusione·
818 4149 911 4204 otton.
949 4164 952 4166 ’
1148 4151 1149 4156 ’

277 4216 342 4272 'mini
349 4235 398 4273 uon
406 4229 500 4282 notata,
507 4219 551 4290 qui
562 4217 639 4272 libros
652 4220 769 4290 antiquos
