3000 4908
355 362 358 370 ’
433 387 603 452 msrrr.
624 385 831 448 errrore.
846 385 929 445 mu.
950 383 988 444 vr
1009 404 1037 444 ι.
1198 385 1253 446 261

161 576 163 580 ·
226 547 394 632 'Milonem
417 561 484 632 aut,
501 573 575 618 cum
592 553 629 616 de
648 549 759 616 eadem
775 549 873 638 ciuffii
894 547 1132 638 pronuntiatum
1147 548 1202 629 est,
1216 546 1255 614 ut

227 637 259 700 in
274 637 330 700 reis
352 639 522 726 deportatis,
539 651 572 702 et
587 637 886 725 offertionesecanda,
902 649 955 699 et‘
971 633 1108 722 portibus
1125 645 1254 697 conmm-

195 721 383 802 2uiralium,
421 745 470 787 uae
493 725 528 787 in
551 723 629 786 duas
651 723 750 785 hastas
765 721 870 785 divil'ae
890 719 973 782 sunt.
1019 717 1256 785 Confirmantur

170 881 172 892 Ι
226 807 385 905 praecipue
398 745 540 874 inobus:
559 807 734 872 auctoritate
747 805 940 892 eorum‚.qui
955 803 1236 890 pronuntiaverunt
1242 825 1255 886 ς
1339 865 1340 871 ,

226 903 261 954 et
262 891 462 976 ſsmrlitudine
476 913 593 972 rerum,
609 892 649 956 de
663 891 779 980 quibus
794 885 947 978 quaeritur
960 914 970 967 ;
994 887 1182 952 refelluntur
1196 912 1258 954 au*

227 987 295 1040 tem
309 999 379 1042 raro
393 999 448 1064 per
464 977 691 1042 contumeliam
701 975 864 1064 judicum,
879 974 933 1038 nisr
950 973 1031 1038 sorte
1045 973 1207 1037 manifesta
1222 975 1257 1038 in

227 1059 278 1124 his
292 1060 386 1150 culpa
399 1062 472 1126 erit.
514 1062 596 1127 Vult
610 1063 696 1126 enim
712 1083 751 1126 co
797 1060 970 1125 oscentium
985 1059 1119 1146 quisque
1132 1057 1258 1124 firmam

227 1143 287 1210 elle
300 1147 430 1212 alterius
444 1147 631 1211 sententiam
646 1173 653 1210 :
677 1159 710 1210 et
724 1147 756 1233 ip
769 1170 786 1210 e
800 1143 1060 1232 pronuntiaturus
1073 1143 1257 1230 exemplum
1328 1197 1329 1203 ,

193 1251 212 1316 3
229 1253 293 1380 neg
310 1231 457 1312 libenter,
474 1229 562 1380 Huod
576 1233 610 1296 in
626 1233 657 1296 se
679 1231 801 1295 sortasse
816 1229 946 1310 recidat,
962 1228 1051 1294 fecit.
1096 1227 1270 1314 confugis

228 1338 267 1379 en
292 1339 346 1382 um
362 1339 472 1464 erffioe

510 1317 543 1379 in
558 1315 684 1397 duobus
698 1317 734 1380 su
756 1315 923 1394 erioribus,
939 1315 959 1377 sr
975 1336 1025 1379 ree
1039 1311 1131 1392 feret,
1141 1313 1182 1377 ad
1196 1313 1257 1376 ali-

228 1423 323 1488 quam
350 1403 382 1466 di
406 1400 633 1465 militudinem
658 1423 717 1467 cau
742 1425 780 1468 ae.
824 1399 888 1466 Vix
914 1411 1021 1464 autem
1048 1397 1114 1462 ulla
1134 1399 1176 1462 est
1201 1417 1258 1484 per
1350 1453 1354 1458 .

227 1486 336 1550 omnia
363 1486 454 1550 alteri
481 1485 599 1549 similis.
645 1487 679 1550 Si
707 1485 741 1550 id
764 1505 829 1549 non
854 1485 1034 1571 continget,
1059 1487 1120 1548 ao‘
1144 1482 1258 1547 eadem

228 1570 332 1634 caussa
347 1571 418 1650 erit,
435 1582 490 1635 aut
503 1569 661 1635 auorum
676 1569 847 1636 incusanda
861 1569 1069 1656 negligentia,
1082 1579 1137 1633 aut
1149 1567 1191 1632 de
1204 1567 1257 1658 in*-

228 1655 377 1720 firmitate
392 1655 820 1742 personarum‘querendum
836 1668 946 1719 contra
959 1676 1038 1740 quas
1059 1653 1120 1718 erit
1125 1651 1258 1752 judica·¹

145 1747 146 1753 ’
228 1753 298 1803 tum
312 1765 320 1804 ι
336 1753 392 1804 aut
407 1741 447 1805 de
462 1739 576 1827 gratia,
590 1761 661 1826 quae
675 1741 768 1805 testes
783 1739 988 1826 corruperitt,
1000 1752 1057 1803 aut
1071 1735 1111 1802 de
1125 1738 1258 1818 invidia,

228 1837 283 1888 aut
297 1825 337 1890 de
353 1825 554 1912 ignorantia:
578 1839 633 1888 aut
648 1825 886 1905 inveniendum,
903 1822 989 1910 quod
1002 1823 1113 1888 eauffae
1127 1825 1232 1909 pollen
1243 1833 1263 1896 ¹,

194 1907 397 1991 4accesserit.
442 1911 590 1976 Quorum
605 1910 625 1972 fi
641 1911 721 1974 nihil
736 1911 809 1989 erit,
825 1909 902 1972 licet
916 1923 1023 1972 tamen
1038 1907 1155 1988 dicere,
1170 1906 1257 1972 mul·

228 2006 276 2058 tes
289 1995 482 2082 judiciorum
507 1994 623 2058 caussas
645 1995 684 2059 ad
706 1996 815 2082 inique
837 1993 1109 2081 pronuntiandum
1132 1993 1257 2058 valeret

227 2077 364 2168 ideoque
379 2083 551 2145 damnatum
571 2079 729 2162 Rutilium,
746 2078 911 2168 absolutos²
935 2077 1068 2144 Clodium
1090 2090 1180 2168 atque
1195 2077 1258 2144 Ca-

171 2289 174 2294 ·
260 2271 271 2296 '
288 2268 317 2315 de
329 2267 368 2334 iffi
380 2267 411 2315 G.
422 2267 485 2316 Jens.
557 2277 565 2301 ¹
584 2276 612 2316 ut
624 2267 654 2315 G.
666 2265 730 2315 Jens.
804 2278 812 2306 t
830 2264 953 2314 unionum
965 2265 997 2312 G.
1008 2264 1070 2312 lens.
1081 2279 1122 2310 non
1132 2261 1199 2312 male.
1214 2265 1259 2312 erit

228 2332 357 2382 actionum
369 2333 460 2380 Almel.
536 2341 548 2368 ¹¹
564 2333 698 2392 corrumpit
709 2333 740 2379 G.
814 2338 827 2366 ¹
845 2343 933 2393 poema
943 2329 1002 2378 illud
1017 2327 1144 2393 obstarem,
1162 2342 1190 2375 tu
1206 2339 1259 2376 nato

224 2403 280 2460 paea
291 2405 361 2442 ortum
372 2395 484 2465 biefletiam
496 2396 527 2444 G.
593 2403 603 2428 ¹
623 2397 759 2444 absolutum
771 2395 802 2444 G.
1232 2393 1234 2402 ¹

220 2586 223 2592 -
265 2573 290 2608 ι.
307 2555 335 2608 in
353 2555 402 2608 reis
419 2555 570 2624 deportatis]
597 2559 637 2610 De
655 2575 717 2628 quo·
765 2559 812 2618 ret,
823 2555 978 2612 austeritatis
995 2553 1100 2626 sgnum,
1111 2549 1175 2606 unde
1190 2552 1258 2625 apud

224 2643 283 2692 ,rum
295 2626 443 2678 restitutione
461 2627 559 2695 quoties
579 2627 661 2678 aslum
679 2627 717 2689 srt,
765 2639 852 2696 poetas
870 2626 931 2697 saepe
949 2642 994 2696 pro
1011 2625 1065 2696 ipso
1078 2623 1175 2690 judicio
1186 2625 1257 2694 poni·

228 2695 329 2748 testatur
340 2695 378 2748 vel
390 2695 479 2748 titulus
491 2695 620 2766 peculiaris
631 2697 732 2764 Diges.
766 2698 820 2764 tur)
830 2696 935 2748 divisum
944 2695 1119 2746 centumvirale
1124 2695 1259 2762 judicium,

228 2778 311 2818 torum
324 2765 381 2834 (48,
395 2766 453 2832 22.)
472 2765 502 2814 de
504 2766 652 2834 sententiam
659 2766 718 2834 pns-
765 2765 889 2820 decadem
902 2784 927 2816 re
934 2763 1060 2830 judicasse.

218 2837 256 2900 fis
267 2845 290 2886 et
300 2833 422 2904 restitutis.
804 2853 829 2900 3.
847 2836 977 2900 aelorum]
994 2833 1053 2884 ,Vix
1072 2849 1135 2903 opus
1153 2832 1186 2885 esi
1202 2849 1257 2901 Ιιιιο.

265 2923 289 2956 ι.
308 2903 432 2972 affertione
444 2903 564 3024 [acunila]
599 2903 630 2956 In
647 2901 719 2954 eausa
767 2921 831 2964 nere,
842 2903 936 2958 ueiires
952 2903 1053 2955 hicnon
1066 2899 1201 3023 gonisensu
1214 2903 1258 2956 illo

227 2971 333 3034 liberali,
356 2975 402 3024 ubi
430 2975 520 3041 aiquis
550 2974 576 3024 in
604 2974 719 3030 servitute
767 2973 857 3026 solenni
875 2989 920 3042 pro
930 2973 1065 3024 accusatori
1083 2982 1127 3038 us,
1146 2973 1184 3025 sed
1201 2963 1263 3026 fintss'

227 3043 373 3094 constitutus
394 3041 502 3094 asseritur
523 3043 548 3092 in
568 3041 716 3094 libertatem.
784 3043 864 3096 liciter
874 3059 904 3106 ex
916 3043 941 3095 vi
955 3043 1032 3104 verbi,
1045 3043 1090 3110 qui
1107 3053 1185 3112 agunt
1197 3061 1258 3095 cau·

227 3113 279 3163 Hic
301 3114 377 3173 enim,
400 3112 481 3182 primo
506 3111 616 3164 assertore
642 3113 718 3164 etiam
766 3059 816 3164 lam
834 3111 880 3165 live
891 3111 1027 3168 accusando
1038 3111 1084 3164 sive
1095 3111 1254 3166 defendendo.

227 3181 305 3242 vitio,
321 3181 426 3248 liberum
443 3179 476 3232 est
492 3180 561 3232 alteri
576 3179 673 3232 causam
691 3199 718 3234 a·
766 3183 855 3250 Neque
874 3197 932 3239 vero
946 3181 1059 3251 displicet
1072 3180 1176 3233 alterum
1194 3181 1257 3234 illud

228 3267 285 3318 gere
301 3249 436 3302 liberalem.
472 3250 718 3320 Hincetiamsecun-
766 3251 898 3316 anianum,
917 3253 943 3303 in
968 3252 1065 3321 primis,
1089 3267 1147 3302 cum
1170 3252 1259 3306 mitius

228 3319 277 3367 Aa*
296 3315 427 3386 offertionis
449 3320 516 3388 apud
542 3317 602 3372 alios
623 3317 719 3388 judices
766 3320 930 3390 aliquanto'et
941 3319 1040 3373 mollius
1053 3318 1097 3372 elle
1107 3320 1231 3373 videatur.
1292 3329 1295 3334 '

229 3389 377 3440 mentionem
398 3387 460 3440 facit
476 3387 556 3440 ‘noster
573 3406 601 3438 11
607 3424 615 3449 ,
631 3407 640 3440 1
646 3423 654 3450 ,
674 3391 719 3452 78.¹
800 3409 828 3453 4.
846 3391 988 3444 damnatum
1011 3387 1142 3455 Rutilium]
1161 3387 1257 3444 Eadem

228 3453 268 3507 De
279 3455 513 3526 affertionesecunda
525 3457 658 3526 presertim
674 3475 719 3508 no·
766 3459 876 3530 exempla
885 3460 1027 3529 iniquorum
1034 3455 1257 3524 judieiomm'con-

229 3527 314 3577 rabilis
326 3525 344 3577 l.
360 3543 385 3578 ι.
398 3527 430 3578 C.
449 3527 481 3578 de
492 3527 615 3579 assertione
632 3527 721 3578 tollen-⁴
762 3529 846 3609 jungit
858 3531 947 3598 Cieero
957 3531 982 3580 in
995 3529 1104 3580 Pisonem
1114 3547 1155 3596 39.
1175 3527 1257 3580 Dam-

190 3598 191 3606 ’
227 3595 261 3646 da
278 3613 318 3666 pr.
341 3592 392 3647 silis
408 3595 508 3663 legibus,
522 3615 574 3666 que
589 3597 679 3648 dudum
696 3606 720 3648 et
766 3605 834 3650 natio
844 3597 972 3668 ista-a-obti
987 3599 1008 3649 it
1019 3593 1121 3648 Rutilio.-
1135 3597 1257 3668 quodspe·

221 3663 330 3734 secunda
348 3674 372 3716 et
383 3664 458 3717 tertia
469 3664 527 3716 vice
538 3663 674 3734 cfflrtorias
689 3661 719 3716 li·
767 3662 843 3720 cimen
864 3665 947 3720 babuit
964 3615 1016 3718 ἔτει
1034 3665 1128 3718 civitas
1145 3661 1258 3720 innocen-
1315 3678 1321 3686 “

228 3743 264 3785 tes
279 3733 421 3786 examinari
432 3733 616 3804 praecipiebant,
628 3733 654 3786 in
666 3735 720 3804 pos-
769 3735 825 3788 tice.-
849 3738 930 3808 major
948 3735 1008 3789 mihi
1019 3735 1130 3804 judicum
1149 3745 1173 3790 ct
1192 3735 1229 3788 rei
1246 3768 1268 3802 a,

228 3809 307 3855 terum
318 3803 493 3874 quiescentibus.
711 3801 715 3808 '
765 3813 843 3873 perna
863 3806 907 3860 illa
928 3805 987 3876 visa
1006 3805 1046 3876 est,
1066 3821 1140 3874 quam
1158 3747 1256 3858 Rutisi,

238 3877 242 3884 '
261 3891 284 3922 1.
291 3873 406 3940 partibus
412 3871 638 3937 centumviralium]
650 3869 720 3924 Infra
770 3875 800 3928 L.
815 3873 924 3942 Opimius
940 3873 1103 3945 ejeilus-At
1119 3884 1203 3927 contra
1219 3873 1257 3928 bis

231 3958 274 4000 ιι,
290 3960 314 4004 ι,
329 3947 371 4004 78.
390 3955 461 3993 vocat
473 3941 667 3993 centumviralia
674 3941 719 4009 ju·
770 3943 879 3996 Catilina
901 3943 1036 4014 absumar
1067 3941 1158 4012 emiffiis
1180 3943 1257 3996 etiam

228 4001 295 4060 dicia
317 4009 432 4078 duplicia.
477 4011 602 4063 Nimirum
625 4012 665 4063 vel
690 4028 720 4062 ex
766 4011 962 4065 illeauiiortuus
969 4011 1117 4084 provincia,
1127 4012 1259 4078 [Clodius]

229 4079 276 4129 hoc
288 4090 394 4147 utroque
405 4079 478 4131 Fabii
490 4081 544 4132 loco
555 4081 682 4140 discimus,
695 4082 720 4131 in
768 4083 943 4164 cumstuprum
955 4083 1028 4136 Bona
1040 4079 1101 4134 Deae
1115 4077 1273 4151 pulvinari-⁴·

228 4145 292 4198 duas
309 4163 484 4217 nonnunquam
496 4161 587 4218 putee,
602 4151 721 4220 (quarum
769 4151 943 4221 busentuiiſjit.
964 4207 966 4214 ,

229 4230 385 4287 unaquaeque
395 4215 490 4287 bustam
507 4219 550 4272 fibi
562 4219 629 4271 suam
646 4219 722 4280 lrabe-

786 4297 965 4388 ia*
