3022 4920
449 399 618 464 INSTIT.
639 399 844 477 ORA-TO'R.
865 397 949 464 LI‘B.
967 403 1010 464 n.
1034 415 1082 482 17.
1148 412 1152 424 '
1220 403 1278 484 1'37

248 567 426 636 admirabili
451 565 588 655 quodam
617 565 687 631 casu
711 565 801 654 poffit
830 565 985 645 accidere,
1016 580 1053 632 ut
1079 589 1118 634 ex
1146 579 1286 657 utraque

193 661 236 733 32
248 665 337 743 parte
351 667 468 734 orator,
482 653 516 716 id
531 655 574 716 est
588 652 635 717 vir
649 655 753 722 bonus
769 652 865 716 dicat.
910 654 1031 716 Tamen
1052 655 1202 739 quoniam
1220 656 1282 720 hoo

249 761 380 829 quoque
402 741 434 803 in
460 761 566 804 rerum
593 750 736 802 naturam
763 737 860 816 cadit,
883 751 922 802 ut
944 739 1024 802 duos
1045 739 1207 826 sapientes,
1222 741 1282 804 ali-

248 827 379 914 quando
396 827 488 914 julite
504 824 622 915 &caussae
637 824 670 886 in
693 823 851 887 diversum
876 823 1013 900 trahant,
1030 826 1159 910 quando
1184 827 1296 908 etiam,

196 915 201 925 '
246 925 446 999 pugnaturos
460 933 515 974 eos
537 909 620 974 inter
635 909 676 987 se,
693 908 712 971 fi
729 907 809 972 ratio
831 909 875 974 ita
896 909 1034 987 duxerit,
1050 912 1205 990 credunt3
1229 935 1281 977 re-

246 997 410 1084 spondebo
424 996 608 1083 proposrtis:
638 1007 734 1080 atque
755 993 800 1057 ita
821 995 964 1080 quidem,
980 1009 1017 1060 ut
1038 1017 1077 1081 ap
1099 1010 1194 1076 areat,
1211 997 1282 1062 haec

247 1083 393 1147 adversus
407 1105 462 1146 eos
476 1103 607 1181 quoque
621 1079 730 1144 frustra
743 1080 936 1166 excogitata,
952 1080 1008 1176 qui
1029 1103 1062 1142 m
1095 1081 1120 1144 is
1138 1083 1282 1150 moribus

192 1174 233 1242 33
248 1191 366 1232 nornen
382 1181 514 1232 oratoris
531 1166 712 1254 indulgent.
757 1167 841 1232 Nam
865 1168 1004 1230 rhetorrce
1025 1167 1142 1252 non-ast
1161 1183 1280 1234 contra-

247 1255 295 1316 ria
310 1254 383 1340 fibi.
428 1253 541 1317 Caulla
567 1253 652 1314 eninr
679 1273 754 1315 curn
780 1251 893 1331 caussa,
917 1273 982 1316 non
1008 1251 1063 1314 illa
1087 1253 1193 1316 secum
1218 1253 1282 1342 ipsa

247 1339 463 1425 componitur.
508 1339 582 1402 Nec
604 1339 625 1400 sr
646 1349 792 1423 pugnent
813 1337 895 1402 inter
916 1338 958 1416 se,
974 1337 1030 1423 qui
1049 1336 1134 1402 idern
1156 1339 1279 1408 didice-

245 1439 342 1489 runt:
367 1425 488 1488 idcirco
502 1445 564 1502 ars,
581 1446 654 1508 qnae
668 1421 796 1510 utrique
811 1423 928 1486 tradita
943 1423 996 1500 est,
1012 1446 1075 1486 non
1089 1425 1170 1488 erit:
1199 1427 1280 1490 alio-

247 1511 303 1596 qui
318 1531 378 1574 neo
393 1531 577 1588 armorum3
601 1508 678 1594 quia
692 1508 773 1593 saepe
789 1506 991 1594 gladiatores,
1008 1509 1063 1574 sub
1082 1511 1195 1577 eodem
1211 1535 1279 1576 rna-

190 1600 236 1670 34
247 1595 343 1682 gistro
361 1595 496 1674 «eruditi,
519 1594 602 1658 inter
625 1593 655 1656 se
679 1608 936 1678 componuntur:
972 1617 1030 1658 nec
1056 1597 1278 1682 gubemandi3

246 1681 324 1830 quia
338 1681 503 1744 navalibus
525 1679 643 1765 praeliis
664 1680 859 1766 gubernator
881 1681 924 1744 est
944 1680 1152 1766 gubernatori
1166 1683 1278 1747 adver-

260 1789 320 1829 us:
354 1789 413 1829 nec
435 1765 636 1852 imperatoria
648 1789 662 1843 3,
691 1764 768 1849 quia
795 1764 966 1850 imperator
986 1787 1058 1830 cum
1091 1766 1281 1852 imperatore

191 1872 195 1896 r
247 1852 424 1916 contendit.
470 1855 552 1916 ltem
578 1872 641 1913 non
666 1849 780 1913 evertit
805 1872 885 1936 opus
907 1851 1076 1928 rhetorice,
1097 1855 1185 1938 quod
1209 1854 1279 1918 effi-

246 1939 292 2000 cit
303 1949 332 2001 z:
358 1959 462 2024 neque
478 1938 563 2000 eninr
577 1936 713 2022 positum
731 1935 794 1998 ase
809 1949 1034 2022 argumentum
1051 1935 1143 2002 solvit
1159 1953 1277 2020 orator,

244 2023 297 2086 sed
324 2045 365 2086 ne
390 2023 549 2086 rhetorice
564 2021 715 2107 quidem:
740 2020 815 2106 quia
839 2021 924 2108 apud
946 2043 1012 2103 eos,
1030 2023 1132 2112 quiin
1152 2027 1278 2110 persua-

244 2108 351 2172 dendo
366 2109 460 2172 finem
477 2106 707 2193 putant,auts1
727 2105 801 2192 quis
819 2113 869 2190 (ut
883 2106 962 2188 dixi)
980 2110 1078 2188 casus,
1094 2109 1174 2174 duos
1196 2110 1280 2176 inter

244 2193 276 2258 sc
301 2196 403 2257 bonos
427 2195 510 2256 viros
536 2190 758 2278 composuerit,
781 2193 957 2256 verisimilia
978 2211 1179 2280 quaerentur:
1214 2219 1278 2260 non

185 2287 195 2324 ‘-
245 2289 353 2343 autem
380 2280 480 2365 siquid
506 2279 547 2341 est
571 2279 672 2341 altero
686 2277 880 2356 credibiliuS,
897 2279 930 2342 id
955 2278 984 2341 ei
1005 2282 1197 2346 contrarium
1222 2285 1277 2362 est,

189 2365 231 2439 35
269 2364 335 2428 nod
349 2365 411 2429 fuit
426 2363 590 2428 credibile.
635 2364 720 2425 Nam
743 2377 780 2428 nt
796 2365 930 2428 candido
948 2364 1125 2445 candidius,
1141 2381 1175 2432 et
1189 2369 1277 2432 dulci

243 2388 370 2514 dulcius
387 2471 458 2514 ⁴non
488 2451 529 2513 est
553 2447 729 2526 adversum,
745 2447 791 2512 ita
817 2472 876 2518 noc
901 2451 1054 2536 probabili
1071 2453 1276 2536 probabilius.
1311 2509 1314 2514 .

244 2536 318 2600 Nec
341 2536 484 2623 praecipit
508 2558 663 2620 umquam
690 2556 753 2596 non
780 2533 926 2614 dicenda,
948 2557 1007 2600 nec
1031 2537 1176 2602 dicendis
1196 2561 1275 2602 con-

190 2608 233 2694 3⁶
245 2622 350 2700 traria,
379 2622 432 2685 sed
455 2643 529 2707 quae
558 2619 591 2682 in
620 2641 749 2706 quaque
778 2619 881 2685 caussa
908 2621 1043 2684 dicenda
1071 2623 1153 2686 lunt.
1198 2626 1276 2689 Non

188 2711 196 2754 '-
243 2705 365 2794 semper
378 2718 500 2785 autem,
516 2705 634 2770 etiamfi
657 2702 917 2793 frequentissime,
932 2706 1051 2770 tuenda
1073 2707 1186 2772 veritas
1206 2711 1280 2790 erit,

242 2791 295 2858 sed
321 2791 495 2885 aliquando
520 2791 622 2887 exigit
647 2793 827 2861 communis
855 2792 987 2876 utilitas,
1013 2805 1050 2856 ut
1076 2793 1172 2858 etiam
1203 2795 1278 2862 falla

650 3005 665 3034 ¹
680 2999 758 3049 effecit
771 2997 801 3050 G,
812 2996 872 3048 bene.

239 3162 346 3232 pignore
354 3161 440 3231 posito
457 3160 638 3212 contenderim
662 3159 734 3211 alter·
784 3170 884 3226 rentur3
904 3179 955 3229 quo
966 3157 1031 3212 fauo
1050 3162 1086 3213 ita
1098 3163 1217 3216 cohaerere
1230 3161 1274 3226 sibi
1294 3211 1298 3218 ,

244 3244 329 3286 utrum
350 3251 380 3283 ex
399 3250 478 3284 errore
501 3231 630 3283 scribentis
652 3244 736 3282 ortum
785 3232 865 3282 oratio
894 3231 980 3300 potest.
1017 3233 1075 3283 Non
1101 3236 1188 3284 everrit
1211 3253 1274 3303 opus

244 3313 318 3370 puto,
340 3302 444 3370 indeque
463 3304 537 3354 etiarn
559 3301 663 3356 alterum
687 3301 736 3354 fere
784 3300 854 3354 suum
867 3313 958 3362 orator,
971 3313 1015 3352 ant
1031 3302 1150 3354 rhetorice
1162 3302 1231 3364 adeo,
1245 3321 1278 3361 rie,

244 3370 345 3421 omitti:
364 3376 400 3420 rii
416 3387 447 3421 ex
466 3372 589 3424 sententiae
601 3370 664 3421 nihil
677 3389 735 3422 con·
784 3383 839 3420 turn
860 3371 969 3438 quidem,
988 3388 1045 3422 cum
1066 3383 1150 3422 orator
1169 3375 1195 3422 in
1219 3391 1272 3443 per-

245 3437 317 3501 ferre,
329 3453 441 3516 apertum
453 3441 494 3492 est.
784 3439 906 3490 suadendo
919 3440 991 3490 finem
1009 3440 1141 3492 rhetorices
1152 3443 1232 3512 ponit,
1246 3461 1274 3496 ac

282 3526 323 3574 32.
352 3507 401 3560 haec
428 3511 551 3580 adverfirs
573 3528 610 3561 eos
631 3511 732 3579 quoque]
784 3511 874 3576 quovis
903 3511 1004 3578 proinde
1031 3511 1106 3562 modo
1134 3512 1275 3580 persuadere

244 3578 302 3633 Hoc
326 3579 397 3642 vult;
421 3579 482 3631 illud
500 3594 686 3648 argumentum,
704 3581 735 3632 de
784 3577 872 3639 studet,
896 3592 920 3630 et
944 3598 1001 3650 qnae
1024 3579 1068 3632 sibi
1090 3581 1187 3634 obstant
1214 3597 1273 3634 vera

243 3659 296 3699 arte
307 3647 330 3700 se
340 3649 415 3721 ipsam
424 3667 473 3701 non
480 3662 647 3718 oppugnante,
654 3666 683 3700 ne
692 3669 733 3702 eos
782 3649 922 3713 destruere,
940 3667 1019 3717 neque
1036 3662 1100 3710 tum,
1118 3667 1176 3716 cum
1192 3651 1272 3718 calin,

243 3718 345 3786 quidem
368 3717 436 3779 ferit,
459 3723 503 3787 qui
526 3733 647 3769 oratorem
671 3719 734 3790 posse
782 3719 813 3769 de
825 3737 875 3787 quo
886 3731 941 3770 ante
952 3720 1200 3780 dillum‚rariffimns
1211 3721 1273 3773 duos

243 3787 286 3839 esse
304 3787 398 3852 malurn
418 3792 499 3840 virum
519 3789 655 3840 concedunt
666 3810 673 3852 ς
692 3805 734 3841 ne·
783 3789 846 3839 inter
857 3789 879 3840 se
891 3791 968 3840 bonos
979 3789 1043 3839 viros
1056 3792 1200 3852 committit,
1210 3808 1273 3859 quo·

240 3857 313 3917 dum,
333 3860 378 3926 qni
398 3857 460 3911 illud
478 3877 566 3910 nomen
586 3858 643 3914 solis
662 3857 733 3910 bonis
782 3875 838 3912 rum
856 3859 972 3910 alteruter
987 3857 1114 3912 necessario
1133 3877 1216 3912 verum
1235 3861 1273 3912 vi.

240 3927 379 3981 vindicent.
782 3928 855 3979 detur
876 3945 1034 3998 oppugnaret
1063 3930 1131 3996 apud
1150 3927 1191 3980 hos
1209 3929 1273 3982 enim

279 4015 321 4060 34.
340 3997 400 4067 quia
418 3998 487 4066 apud
502 3998 552 4061 ers]
576 3999 638 4049 Haec
657 3998 734 4066 vulgo
782 3997 928 4063 veriſsmr'sr'a
948 4008 1103 4067 quaerentur:
1133 4012 1162 4050 ut
1185 4001 1273 4052 vicerit

242 4079 357 4135 corrupta
369 4079 498 4138 putantur,
510 4080 534 4118 et
552 4069 673 4118 medicina
685 4074 733 4119 cir·
783 4067 814 4128 is,
828 4070 897 4133 cujus
915 4070 986 4118 causa
1003 4069 1053 4119 visa
1071 4069 1146 4121 luerit
1157 4070 1272 4122 verisimi-

242 4136 315 4186 cnms
329 4137 412 4188 icitur.
451 4138 496 4188 Sed
526 4137 638 4188 videmur
660 4139 732 4189 nobis
782 4135 839 4198 lior,
857 4138 1063 4205 credibiliorque:
1094 4156 1140 4188 non
1157 4149 1239 4191 autem
1248 4140 1275 4206 β

234 4155 356 4258 sustulisse
378 4205 549 4259 difficultatem
581 4208 734 4276 interponito
782 4206 970 4279 quidestaltero
981 4205 1117 4260 credibilius
1128 4209 1177 4260 det.
1261 4233 1265 4242 ·

239 4275 330 4350 majori
350 4275 446 4328 sublato
465 4278 517 4346 post
544 4279 646 4330 verbum
668 4291 732 4348 que.
806 4302 808 4310 ·
833 4322 842 4334 ,
1071 4303 1074 4312 ·
